3000 5024
562 1411 680 1468 CAPUT
697 1411 781 1469 XVII.
810 1405 817 1415 ’

483 1585 845 1686 EDITIONES

169 1773 1175 1898 GRIESBAOHIO·ELZEVIRIANAE.

259 2084 324 2169 §¹-
368 2032 531 2148 numm
548 2080 717 2148 wmrn
734 2080 1079 2152 omonrusrron.

278 2278 304 2339 1.
349 2275 488 2337 oxonn
504 2277 854 2351 aasamouaffaoa.
889 2277 980 2343 ries.
1019 2277 1067 2340 n.

136 2409 298 2495 Iosephus
319 2409 437 2477 White
460 2410 630 2496 theologus
653 2408 851 2477 Oxoniensis
872 2412 908 2477 in
930 2411 1057 2479 biblieis
1077 2408 1195 2480 studiis
1217 2435 1284 2481 non

62 2494 162 2564 infimo
184 2498 255 2564 loeo
274 2497 456 2583 ponendus,
481 2499 533 2564 oui
554 2498 641 2563 inter
658 2496 723 2562 alia
745 2496 881 2563 debetur
898 2497 1070 2582 splendida
1087 2497 1187 2565 editio
1208 2522 1283 2567 ver-

26 2654 29 2659 ,
60 2582 151 2650 sionis
172 2582 446 2664 Philoxenianae,
468 2592 610 2667 quatuor
627 2583 872 2669 evangeliorum
896 2591 1026 2650 textum
1043 2584 1195 2651 methodo
1218 2588 1283 2653 ori·

59 2671 210 2752 gonistioa
242 2670 457 2737 constitutum
486 2668 602 2748 edidit,
636 2671 683 2734 ita
704 2677 742 2735 ut
763 2670 977 2737 fundamento
998 2679 1134 2756 poneret
1156 2679 1284 2739 textum

59 2757 222 2843 vulgarem
254 2756 511 2836 Elrevirianum,
552 2757 605 2823 oui
636 2756 777 2822 inseruit
814 2756 1038 2824 additamenta
1070 2758 1285 2827 Griesbaehio

59 2845 192 2910 maxime
213 2843 351 2929 probata
371 2843 552 2927 praemisso
573 2843 721 2911 asterisei
735 2844 838 2928 signo,
860 2844 1056 2928 glossemata
1072 2864 1152 2912 vero
1170 2845 1285 2912 eodem

60 2936 180 2998 aratore
202 2928 378 2998 resecanda
399 2931 544 3014 praefixo
562 2930 653 2996 obelo
674 2936 812 2996 notaret.
858 2930 1014 2998 anteras
1036 2932 1202 3000 variantes
1218 2932 1284 2999 leo-

60 3013 153 3083 tiones
174 3017 315 3103 reoeptis
335 3016 565 3102 praeferendas
587 3016 779 3100 simpliciter
806 3018 949 3101 margini
971 3016 1151 3101 adscripsit
1196 3019 1284 3084 Tex-

61 3103 103 3169 tus
121 3103 177 3171 hio
199 3103 302 3189 igitur
324 3102 431 3186 quoad
457 3102 514 3168 illa
542 3101 765 3168 additamenta
786 3102 911 3169 mixtus
941 3103 1004 3170 diei
1032 3109 1149 3188 potest,
1176 3105 1282 3188 quoad

63 3184 142 3272 tigna
158 3190 272 3257 oritiea
289 3196 322 3254 et
339 3188 493 3255 leotiones
511 3189 710 3274 marginales
729 3188 1015 3272 Griesbaehianus,
1034 3210 1142 3274 perse
1161 3196 1281 3273 autem,

64 3271 321 3342 dadditamenta
343 3274 512 3355 deleveris,
536 3275 691 3361 vulgaris.
735 3276 876 3342 Librum
896 3278 929 3342 in
952 3278 1005 3344 his
1027 3277 1123 3343 terris
1151 3278 1281 3344 rarissi-

65 3373 139 3427 num
161 3361 391 3449 Stuttgurdiae
412 3363 608 3429 examinavi.
641 3362 755 3428 Minus
777 3370 927 3430 aoeurate
950 3363 990 3430 de
1011 3363 1074 3431 hoo
1095 3363 1179 3431 libro
1201 3365 1282 3430 Dio

66 3439 146 3516 dinus
168 3469 200 3534 p.
227 3455 287 3513 114
310 3447 388 3515 dioit
415 3447 573 3515 editorem
596 3468 759 3532 nusquam
785 3470 805 3514 a
826 3455 921 3515 textu
948 3459 1077 3536 resepto
1106 3449 1280 3520 diseedere.

413 3709 479 3796 qt.
523 3709 686 3781 amulo
708 3707 909 3782 ΑΙἯΤΟΝΙ,

65 3907 105 3977 l*
144 3920 327 3985 LUGDUNI
347 3925 415 3982 Bar.
437 3931 464 3982 a
487 3926 689 3983 narraodama·
710 3946 755 4000 aa.
780 3927 810 3983 s
833 3935 859 3984 a
881 3928 906 3983 Ι.
928 3925 1098 3984 narraras
1123 3933 1150 3984 a
1166 3927 1203 3984 P.
1225 3929 1279 3985 den

457 4012 662 4084 Henqstetfll.
696 4013 783 4073 1809.
821 4011 867 4069 12.

130 4144 297 4211 Henrious
318 4143 485 4211 Arnoldus
506 4145 622 4211 Aitton
652 4146 743 4213 verbi
766 4145 869 4213 divini
891 4147 1041 4213 minister
1063 4145 1150 4228 apud
1171 4145 1277 4213 Zwol-

59 4219 152 4298 lenses
172 4231 210 4296 in
232 4252 329 4297 usum
351 4231 537 4298 soholarum
559 4232 643 4298 hane
665 4235 795 4299 curavit
816 4233 993 4300 editionem
1021 4233 1126 4297 forma
1146 4231 1277 4315 quidem

58 4309 293 4384 Wetstenianas
313 4317 333 4382 i.
357 4339 384 4383 e.
405 4317 652 4384 Leusdenianas
672 4321 877 4399 referentem,
901 4341 1040 4403 quarum
1063 4318 1162 4383 etiam
1183 4320 1278 4402 signa

54 4396 219 4489 lexilogioa
239 4409 358 4485 servat,
382 4404 489 4469 textui
509 4410 622 4469 tamen
639 4405 870 4472 Leusdeniano
885 4400 1183 4474 Griesbaohianum
1200 4405 1277 4471 sub·

51 4487 151 4557 stituit
173 4488 381 4576 pautioribus
408 4490 489 4557 loeis
518 4492 681 4575 exeeptis,
709 4492 852 4558 maxime
880 4493 921 4560 iis
951 4514 1034 4576 quae
1061 4490 1276 4576 theologicum

49 4576 294 4662 etpolemioam
315 4576 458 4660 aliquam
480 4577 601 4644 famam
627 4585 723 4645 naota
744 4586 831 4658 sunt,
856 4579 1036 4663 quibusque
1068 4598 1211 4645 manum
1229 4584 1280 4642 te·

93 4680 195 4735 Reuss.
207 4680 263 4725 ster
276 4678 335 4726 Nori
348 4679 439 4725 laram
451 4683 530 4732 maor.
1030 4679 1073 4741 qq
