3000 5024
129 250 190 311 132
637 243 756 300 OAPUT
775 245 847 300 XIV.
972 244 976 249 '
1346 244 1369 294 A

127 419 246 484 seriem
267 423 406 496 notatos,
428 414 486 483 sed
508 418 712 484 accuratiore
728 415 936 482 voluminum
959 415 1176 497 descriptione
1196 434 1366 480 commen-

127 505 229 586 datos,
253 511 286 570 et
308 502 504 587 simpliciore
525 504 575 569 rei
596 504 699 587 ipsius
721 504 848 567 ratione
876 523 973 585 qnam
996 522 1079 585 quae
1097 511 1194 567 antea
1214 523 1278 567 usu
1306 522 1367 567 11-

127 600 233 657 uerat.
277 590 403 655 Eodem
431 590 499 654 fere
531 610 617 653 anno
646 589 687 654 ab
716 589 809 653 urbis
826 610 904 654 suae
926 588 1085 672 theologis
1108 587 1149 652 (11
1170 586 1368 653 orthodoxia

129 677 254 742 tuenda
282 675 379 740 anxie
412 675 559 740 sollicitis
581 696 601 739 a
628 674 812 739 ministerio
841 674 996 758 depulsus
1025 673 1065 738 ad
1087 674 1209 757 Belgas
1231 673 1368 740 transiit

126 762 235 846 ibique
262 762 299 826 11
329 761 495 827 academia
521 762 831 826 Remonstrantium
860 760 1097 825 Amstelodami
1124 761 1263 824 florente
1292 781 1368 824 rnu-

126 870 206 914 nere
240 847 303 913 sibi
339 847 536 911 demandato
568 849 700 913 functus
736 847 949 930 sexagenario
982 847 1087 910 maior
1113 866 1140 910 a.
1169 851 1249 907 1754
1278 845 1368 910 diem

126 956 224 1001 suum
246 934 336 999 obiit.
382 933 484 998 Cuius
512 935 616 998 vitam
639 933 743 998 fusius
766 932 962 1015 descriptam
985 931 1128 996 inseruit
1149 931 1236 998 Clar.
1260 930 1299 996 C.
1324 932 1366 997 R.

125 1018 383 1105 Hagenbachius
405 1020 588 1085 collectioni
610 1019 816 1103 Illgenianae
829 1018 906 1096 (ΖΒ.
928 1017 1073 1100 11111111.
1096 1017 1201 1083 Theoi.
1224 1039 1252 1082 a.
1269 1021 1368 1093 1839)

127 1106 217 1173 lectu
240 1106 475 1190 dignissimam.
1170 1118 1173 1123 ⁴

214 1193 326 1276 Ipsam
347 1191 434 1256 hane
456 1199 603 1256 nostram
624 1191 801 1257 editionem
823 1191 936 1272 paucis
963 1191 996 1255 h.
1020 1191 1040 1255 l.
1068 1211 1237 1256 recensere
1258 1190 1370 1274 placet

128 1285 306 1363 antequam
329 1277 368 1341 de
390 1283 484 1341 textu
508 1276 662 1344 dicamus.
708 1276 946 1359 Prolegomena
974 1277 1031 1342 illa
1060 1275 1100 1340 (11
1128 1277 1244 1360 quibus
1267 1297 1370 1359 supra

129 1365 196 1429 iam
219 1364 342 1429 dictum
364 1370 422 1440 est,
445 1384 591 1446 quaeque
612 1365 680 1429 fere
710 1362 932 1429 recensionem
954 1363 1100 1428 criticam
1122 1361 1272 1428 codicum
1291 1384 1368 1428 ver-

128 1451 255 1516 sionum
280 1455 314 1512 et
333 1463 466 1532 patrum
490 1450 654 1529 exhibent,
678 1451 732 1516 hie
761 1455 857 1515 aucta
884 1456 1086 1531 repetuntur,
1120 1449 1265 1513 maxime
1295 1469 1369 1513 earn

128 1535 169 1602 ob
200 1555 332 1602 causam
365 1534 451 1616 quod
479 1546 592 1600 auctor
624 1538 664 1602 iis
695 1535 915 1601 defensionem
952 1536 1075 1618 passim
1107 1534 1234 1599 addidit
1255 1543 1371 1601 contra

128 1621 302 1686 nonnullos
325 1621 492 1686 variorum
515 1622 643 1687 libellos
672 1623 800 1687 labores
829 1621 932 1703 ipsius
960 1622 1104 1703 iniquius
1126 1622 1369 1686 insectantium.

127 1706 304 1774 Caeterum
327 1728 392 1770 non
414 1727 480 1771 uno
502 1715 614 1773 tenore
632 1709 667 1773 in
689 1710 796 1772 fronte
825 1707 922 1789 primi
946 1706 1120 1775 voluminis
1143 1727 1301 1789 expressa
1322 1706 1370 1771 le·

128 1801 261 1878 guntur,
292 1791 349 1856 sed
375 1814 458 1874 quae
482 1793 692 1876 peculiariter
719 1794 760 1858 ad
782 1795 867 1858 Acta
890 1793 1054 1875 Epistolas
1082 1801 1115 1858 et
1142 1793 1369 1878 Apocalypsin

128 1880 298 1963 pertinent
325 1899 364 1942 ea
385 1877 526 1944 seeundo
559 1887 648 1944 tomo
682 1881 749 1945 suis
783 1879 862 1944 locis
889 1879 1091 1944 inseruntur.
1141 1879 1300 1962 Denique
1328 1878 1371 1944 ad

129 1965 251 2031 calcem
283 1965 424 2029 reiectae
456 1974 535 2029 sunt
566 1966 866 2031 animadversiones
895 1973 928 2029 et
960 1966 1127 2031 cautiones
1155 1965 1196 2030 ad
1226 1986 1370 2030 examen

128 2051 327 2116 variantium
350 2050 528 2116 lectionum
555 2052 769 2128 necessariae,
799 2071 898 2134 quam
925 2050 1085 2115 theoriam
1115 2052 1244 2118 critices
1272 2051 1370 2116 wet-

130 2138 298 2203 stenianae
321 2136 453 2201 dixeris.
499 2136 593 2218 Quae
616 2139 845 2222 prolegomena
873 2139 941 2202 suis
970 2136 1190 2203 additionibus
1219 2158 1288 2203 non
1318 2138 1370 2202 in·

130 2223 223 2288 docte
263 2229 359 2287 aucta
398 2231 510 2304 postea
543 2223 711 2290 Semlerus
745 2222 860 2288 111.
901 2224 1034 2289 seorsim
1075 2224 1178 2289 edidit
1211 2245 1238 2288 a.
1279 2228 1369 2287 1764.

128 2310 322 2374 Tractatum
351 2308 531 2373 Wetstenii
564 2311 604 2374 de
636 2311 906 2393 interpretatione
941 2310 1182 2394 Apocalypseos
1221 2315 1255 2374 et
1290 2309 1371 2376 duas

131 2393 286 2480 epistolas
309 2395 452 2478 syriacas
475 2394 635 2460 Clementi
659 2397 809 2460 Romano
839 2396 980 2460 tributas
1007 2397 1160 2478 operique
1186 2397 1370 2462 auctarium

129 2480 267 2560 additas,
297 2501 396 2563 quum
421 2502 441 2544 a
462 2481 584 2547 nostris
606 2483 704 2549 rebus
734 2481 840 2547 aliena
866 2482 934 2546 sint
959 2482 1063 2548 obiter
1092 2489 1223 2547 tantum
1245 2502 1371 2548 memo·

129 2587 249 2631 ramus.
990 2603 992 2606 -

216 2652 403 2716 Wetstenio
431 2653 627 2719 recentiores
655 2653 736 2720 vitio
758 2660 894 2718 vertunt
916 2652 1002 2735 quod
1024 2654 1161 2720 latinam
1183 2655 1372 2721 versionem

131 2745 228 2822 atque
251 2738 331 2802 adeo
353 2738 482 2803 codices·
500 2748 532 2803 et
564 2740 722 2804 lectiones
750 2760 833 2823 quae
860 2761 935 2806 cum
963 2740 1020 2804 illa
1047 2742 1153 2806 facere
1175 2741 1372 2808 viderentur

131 2830 297 2907 suspectas
320 2824 473 2889 habuerit
501 2847 543 2889 ex
576 2825 798 2908 praeiudicata
828 2826 935 2910 magis
968 2827 1121 2909 opinione
1147 2848 1247 2910 quam
1275 2828 1371 2894 iustis

132 2909 304 2975 decausis.
349 2910 467 2975 Plures
491 2912 591 2976 etiam
618 2912 712 2976 illum
740 2912 776 2975 in
803 2911 992 2996 colligendis
1018 2913 1223 2979 variantibus
1250 2913 1370 2979 leviori

131 3016 210 3063 cura
231 3017 327 3061 usum
351 3016 422 3060 esse
444 3007 476 3061 et
498 2998 722 3081 negligentius
743 2998 867 3077 fecisse,
898 3019 964 3062 non
994 3000 1064 3063 sine
1089 3001 1179 3063 omni
1204 3000 1276 3064 1111
1299 3022 1370 3083 spe·

131 3084 180 3146 cie
203 3082 367 3157 dixerunt,
391 3083 477 3147 inter
499 3105 579 3166 quos
601 3104 680 3167 prae
702 3083 840 3148 caeteris
861 3085 1080 3151 nominandus
1101 3085 1128 3150 Ι.
1140 3087 1181 3150 1).
1195 3085 1371 3152 Michaelis

131 3169 214 3233 Intr.
239 3168 264 3232 I.
284 3190 313 3251 p.
340 3172 466 3233 81511.
511 3169 638 3234 Verum
668 3169 767 3232 etiam
796 3168 837 3233 ad
866 3169 1089 3235 socinianismi
1111 3180 1299 3237 commenta
1320 3182 1369 3237 tu·

132 3255 217 3319 enda
238 3255 392 3320 leo‘tiohes
414 3255 553 3320 subinde
576 3277 650 3320 eum
673 3255 918 3320 commendasse
939 3256 1055 3338 primis
1077 3258 1283 3340 temporibus
1305 3260 1368 3324 fue

132 3348 213 3406 runt
234 3341 291 3423 qui
311 3341 523 3406 vehementer
552 3341 782 3420 declamarent,
811 3348 926 3406 contra
953 3363 1033 3424 quos
1060 3364 1119 3424 pro
1141 3343 1303 3409 hodierno
1325 3343 1369 3409 rei

133 3427 264 3492 criticae
286 3434 375 3491 statu
397 3428 424 3491 si
446 3428 556 3493 virum
578 3427 827 3493 celeberrimum
850 3427 968 3491 vellem
986 3427 1166 3507 defendere,
1191 3449 1272 3494 sane
1297 3450 1368 3513 ope·

132 3513 353 3596 raepretium
387 3534 453 3577 non
485 3514 634 3578 facerem.
681 3513 746 3578 Cui
775 3513 917 3578 debitam
946 3513 1084 3579 laudem'
1102 3535 1199 3579 nemo
1230 3517 1369 3599 amplius

134 3596 309 3681 denegabit
330 3599 385 3679 qui
406 3599 602 3664 immensam
632 3607 808 3683 apparatus
830 3599 948 3664 molem
971 3602 1116 3665 maxima
1133 3622 1210 3666 cum
1232 3601 1368 3687 diligen-

134 3683 181 3748 tia
221 3684 438 3764 conquisitam
472 3685 696 3769 digestamque
729 3685 995 3752 consideraverit.
1051 3687 1164 3753 Unum
1184 3696 1303 3753 tamen
1328 3695 1370 3755 est

135 3769 220 3852 quod
252 3770 396 3850 mireris;
431 3793 548 3854 nempe
577 3772 800 3837 Wetstenium
827 3773 882 3836 vel
909 3782 983 3854 post
1008 3773 1152 3838 Millium
1180 3780 1215 3837 et
1240 3774 1373 3860 Benge·

133 3855 217 3919 lium
240 3854 412 3921 detextus
435 3858 573 3922 historia
602 3859 785 3924 accuratius
807 3857 992 3943 indaganda
1019 3859 1218 3942 testiumque
1240 3860 1378 3929 familiis

136 3939 385 4025 distinguendis,
407 3944 551 4008 maximo
584 3944 641 4008 illo
671 3943 871 4010 exercendae
897 3945 1028 4010 criticae
1059 3946 1142 4011 artis
1171 3945 1384 4027 adiumento,

135 4027 202 4092 fere
224 4025 308 4090 nihil
330 4049 427 4092 suum
449 4029 571 4095 fecisse.

221 4113 324 4178 Plura
346 4112 471 4179 dabunt
491 4115 616 4182 Kraltii
626 4115 713 4181 Bibl.
738 4115 832 4180 theol.
851 4115 948 4181 VIII.
974 4121 1012 4180 99
1036 4117 1099 4183 ΙΧ.
1124 4119 1406 4208 99‚Banmgar‘

137 4198 246 4265 tenius
268 4200 304 4263 in
326 4200 446 4265 Nachr.
476 4201 521 4265 Π.
546 4206 585 4263 48
615 4203 675 4267 IV.
707 4206 777 4280 414,
805 4202 832 4266 Ι.
855 4204 895 4267 A.
939 4204 1115 4269 Ernestius
1136 4206 1171 4269 in
1193 4209 1414 4288 specimine

136 4285 386 4370 castigationum
408 4287 443 4350 in
465 4287 586 4352 Wetst.
610 4288 649 4352 N.
675 4289 710 4352 Τ.
742 4292 833 4366 1754,
864 4288 951 4370 quod
980 4310 1132 4355 recusum
1159 4301 1211 4356 est
1237 4293 1280 4357 in
1311 4296 1414 4361 ciue

137 4371 301 4454 opusculis
328 4372 547 4456 philologieis:
578 4372 714 4439 Ordinis
746 4374 974 4458 theologorum
995 4376 1237 4441 Basileensium
1270 4379 1414 4447 decla*

137 4457 221 4522 ratio
245 4457 284 4522 (11
305 4458 347 4524 Ν.
369 4460 406 4523 Τ.
428 4458 662 4525 Wetsteniano
689 4464 766 4522 1757
796 4481 895 4542 quam
924 4461 1065 4546 legimus
1092 4462 1128 4527 in
1149 4462 1237 4527 Bibl.
1261 4465 1323 4532 Ha
1368 4489 1414 4516 κ

138 4564 199 4608 nae
221 4550 243 4609 t.
267 4543 341 4624 ΠΙ.,
368 4546 448 4610 item
470 4544 497 4610 Ι.
522 4545 619 4611 Corn.
643 4545 776 4612 Valckii
803 4544 844 4610 ad
873 4547 1011 4613 eandem
1040 4549 1289 4618 observationes
1318 4553 1414 4618 11κ

138 4627 212 4695 dem
251 4631 408 4715 repetitae
415 4656 424 4714 ς
462 4631 631 4699 Meschius
663 4654 693 4716 p.
729 4634 799 4696 243.
852 4630 1028 4700 Caeterum
1066 4633 1153 4719 quod
1187 4640 1414 4706 accensis
