3000 5024
128 250 160 305 Ψ
281 264 286 269 ·
454 249 648 309 uenturas
665 250 1041 312 nscuuuooamaraa.
1301 252 1363 317 259

128 421 237 490 edidit
254 424 310 491 Au
373 432 427 491 tus
447 425 489 490 L.
511 425 553 491 B.
576 425 618 491 de
638 425 828 509 Borlepsch,
851 425 1006 492 ecclesiae
1027 424 1207 493 catholicae
1233 421 1366 489 subdia·

129 530 242 577 conus.
328 529 391 595 pus
422 510 593 594 splendide
624 513 824 596 impressum
856 519 890 577 et
921 513 1016 580 varia
1047 510 1195 577 doctrina
1226 510 1365 593 insigne,

128 598 233 664 ctiam
254 617 274 663 a
293 597 552 682 protestantibus
579 598 689 664 thecle
714 599 740 663 ‘s
761 598 909 698 repetita,
941 599 1061 682 ubique
1090 606 1203 663 tamen
1234 595 1275 661 de
1301 594 1367 662 fids

128 683 174 750 ad
194 704 346 750 normam
366 703 537 751 remmam
559 685 679 770 exigen
702 706 722 750 a
747 706 892 750 maxime
920 687 1065 752 anxium.
1109 682 1206 766 Quod
1227 682 1269 747 ad
1288 702 1367 749 nos·

128 775 185 836 tra
214 771 349 849 attinet,
382 771 493 855 paucis
524 792 595 836 rem
634 770 803 838 absolvere
834 792 976 855 possum.
1037 770 1205 837 Graecum
1236 775 1366 834 textum

129 861 229 924 autor
249 855 294 922 ad
313 857 502 941 Vulgatam,
535 878 633 941 quam
661 858 814 942 apposuit
844 858 951 941 ipsam
983 858 1019 922 in
1046 857 1149 922 altera
1175 855 1308 941 pagina,
1331 877 1367 922 se

128 942 360 1028 recognovisse
385 944 515 1024 fatetur,
547 943 646 1028 idque
676 944 739 1010 hac
771 945 897 1009 ratione
928 944 1035 1010 effecit
1065 951 1102 1008 ut
1130 939 1367 1009 'Piseheudorlli

128 1030 356 1097 Parisiensem
384 1028 562 1096 editionem
589 1029 814 1096 latinizantem
847 1031 915 1096 sore
944 1029 1137 1113 simpliciter
1161 1028 1367 1096 describeret

129 1114 250 1184 Sicubi
278 1117 319 1183 ab
346 1137 386 1182 ea
406 1115 540 1196 recedit,
573 1116 659 1201 quod
691 1116 844 1182 undecim
878 1122 1010 1181 tantum
1039 1116 1118 1182 locis
1139 1117 1175 1182 in
1196 1116 1368 1181 Mutthoco

128 1204 257 1270 factum
279 1201 490 1287 deprehendi,
513 1222 582 1268 non
610 1202 651 1267 ad
674 1202 822 1269 codicum
843 1201 942 1267 fidem
965 1210 1023 1267 aut
1044 1202 1165 1269 criticis
1186 1202 1368 1269 rationibus

129 1290 251 1357 ductus
277 1288 452 1355 lectionem
485 1288 627 1372 refingit,
655 1288 713 1354 sod
744 1289 823 1354 satis
856 1288 1029 1355 arbitrario
1062 1300 1094 1354 et
1126 1290 1264 1356 incauto.
1309 1286 1367 1356 Sic

132 1382 184 1456 11,
208 1378 259 1441 23.
283 1382 316 1440 et
338 1378 388 1452 19,
415 1378 462 1441 17.
485 1394 528 1439 cx
548 1373 693 1440 locorum
715 1374 945 1458 parallelorum
974 1375 1148 1442 autoritate
1170 1375 1368 1458 scripturam

130 1468 255 1542 mutat;
278 1459 315 1527 0.
340 1463 391 1539 21,
414 1467 442 1526 7.
466 1468 500 1526 et
525 1463 574 1537 12,
597 1463 645 1527 2⁹2.
669 1481 804 1526 sensum
835 1483 932 1527 suum
960 1462 1175 1544 exegeticum,
1197 1483 1296 1545 quem
1318 1460 1368 1527 di·

130 1549 187 1628 oit,
211 1547 330 1614 ducem
362 1549 524 1632 agnoseit3
557 1546 594 1613 Ο.
621 1551 669 1625 19,
698 1550 726 1611 9.
757 1549 784 1609 ri
804 1545 846 1626 w>
873 1550 924 1612 ἐπὶ
940 1555 1065 1698 roperti:
1093 1547 1245 1614 exsulare
1267 1547 1367 1625 iubet,

130 1641 250 1719 utpote
273 1632 398 1700 Christi
419 1635 524 1699 menti
550 1634 766 1712 contrarium;
797 1633 835 1699 Ο.
856 1636 905 1713 23,
936 1637 985 1699 25.
1010 1655 1045 1698 so
1060 1656 1098 1699 us
1132 1635 1221 1700 inter
1253 1655 1368 1700 omnes
1435 1644 1438 1649 '

130 1742 175 1788 ax
203 1720 308 1788 latino
337 1718 529 1807 ἀκαθαρσίας
560 1719 656 1785 elicit.
701 1717 791 1784 Sunt
822 1718 922 1784 etiam
962 1719 997 1785 in
1037 1720 1154 1804 quibus
1187 1719 1368 1805 Vulgutum

130 1808 279 1894 pressius
300 1806 447 1892 sequitur
467 1827 566 1891 quam
585 1806 656 1889 ipse
679 1803 951 1873 Tischendorfius.

293 2068 309 2152 t
333 2072 361 2132 3.
404 2062 567 2133 amulo
591 2063 960 2134 TISOHENDORFII
980 2064 1206 2135 SECUNDA.

341 2279 395 2342 a·
415 2277 570 2336 anama
587 2280 720 2336 aaut
737 2280 862 2354 naua
883 2281 996 2337 mae.
1017 2279 1108 2340 1849.
1133 2278 1161 2339 a.

217 2410 317 2478 Hanc
338 2410 514 2479 secundam
542 2411 1047 2487 dico(latinizantePo1isiensi
1072 2413 1108 2478 in
1135 2433 1270 2479 censum
1299 2433 1369 2481 non

131 2497 251 2579 relata)
273 2499 393 2583 quippe
413 2499 450 2563 in
472 2519 536 2582 qua
558 2494 663 2563 editor
684 2507 758 2581 post
777 2520 931 2565 excussos
953 2507 986 2565 et
1009 2501 1236 2583 transscriptos
1258 2499 1369 2584 plures

131 2584 376 2669 antiquissimos
402 2584 530 2651 codices
556 2591 685 2650 textum
713 2585 833 2650 iterum
866 2587 1071 2671 recognitum
1102 2587 1207 2654 forma
1237 2588 1369 2672 puriore

131 2671 386 2757 exprimendum
406 2671 580 2737 curaverit.
624 2669 688 2736 uui
711 2670 871 2753 ampliora
891 2672 1122 2823 prolegomena
1143 2673 1313 2758 praemisit
1333 2675 1369 2739 in

131 2760 253 2845 quibua
280 2779 356 2825 suos
382 2757 487 2841 ipsius
514 2757 645 2823 criticos
672 2757 798 2823 labores
828 2778 976 2824 commen
1000 2767 1043 2838 at,
1073 2761 1191 2825 itinera
1218 2768 1369 2843 suscepta

131 2850 276 2924 enarrat,
309 2845 448 2911 aliorum
480 2851 614 2909 conatus
645 2844 792 2909 severius
825 2845 1029 2929 perstringit,
1063 2844 1302 2911 malevolorum
1335 2853 1369 2913 et

129 2931 358 3018 ignorantium
379 2929 494 3014 fraude
515 2940 613 3012 atque
639 2928 843 3012 impudentia
867 2930 1016 2996 credulos
1047 2942 1080 2996 ct
1105 2931 1275 3014 imperitos
1300 2931 1369 2997 falli

131 3018 292 3103 queritur,
310 3017 399 3101 leges
420 3036 495 3082 suas
517 3017 647 3081 criticas
675 3022 744 3079 tam
772 3037 814 3080 ox
842 3016 980 3081 historia
1003 3024 1112 3082 textus
1133 3037 1232 3099 quum
1255 3037 1296 3081 ox
1318 3018 1369 3082 in·

110 3103 238 3170 ¹ternis
256 3102 439 3168 rationibus
464 3103 621 3185 repetitas
648 3104 791 3183 exponit,
820 3102 1007 3185 graecitatis
1036 3101 1231 3184 apostolicae
1258 3102 1369 3169 ortho-

132 3189 307 3276 graphiam
329 3197 362 3254 ct
379 3187 636 3272 grammaticam,
658 3189 751 3253 cuius
774 3207 869 3254 voras
891 3188 953 3254 sibi
975 3189 1134 3271 reperisse
1153 3186 1283 3254 videtur
1303 3189 1369 3254 for·

131 3297 215 3356 mas,
242 3275 414 3355 instaurat,
443 3273 663 3340 subsidiorum
695 3272 872 3339 ditissimas
901 3275 1010 3357 copias
1042 3280 1198 3352 recenset,
1229 3274 1368 3358 deniquo

131 3361 241 3428 textui
262 3361 392 3427 subiicit
413 3360 603 3426 varietatem
633 3359 781 3426 lectionis
804 3360 908 3424 multo
937 3382 1035 3444 quam
1063 3368 1160 3426 antea
1182 3359 1369 3443 locupletio-

132 3468 215 3526 rem,
236 3446 347 3513 addite
368 3446 501 3511 testium
522 3445 677 3529 catalogo.

220 3533 396 3599 Oonsentit
417 3540 528 3597 textus
549 3531 856 3598 Tischendorfianus
877 3533 914 3596 in
937 3533 998 3598 hac
1015 3531 1159 3599 secunda
1180 3532 1369 3601 recensione

132 3641 211 3689 oum
237 3619 447 3686 Elnoviriano
472 3618 508 3682 in
534 3617 614 3684 locis
642 3620 714 3696 352,
743 3640 819 3683 cum
847 3618 1103 3685 Griesbachianc
1123 3619 1158 3683 in
1187 3619 1266 3685 locis
1297 3624 1368 3701 622,

133 3727 212 3775 cum
232 3705 504 3771 Lachmanniano
526 3705 562 3768 in
590 3703 669 3770 locis
693 3706 763 3768 655.
809 3704 851 3768 In
873 3705 991 3787 quibus
1009 3713 1087 3770 sunt
1110 3707 1169 3767 ili
1193 3705 1228 3771 in
1251 3705 1369 3789 quibus

134 3793 176 3859 Ia
199 3799 233 3857 et
254 3793 290 3857 Τ.
313 3791 402 3856 inter
423 3812 459 3856 se
480 3791 722 3856 consentientes
744 3812 764 3854 a
785 3791 922 3856 cacteris
945 3790 1139 3874 discrepant.
1175 3790 1218 3856 In
1239 3814 1370 3859 summa

134 3883 215 3945 sunt
237 3881 297 3940 853
319 3877 384 3943 loci
405 3877 439 3940 in
468 3877 584 3959 quibus
607 3877 701 3940 lectio
723 3875 763 3940 ab
791 3897 858 3941 uno
887 3877 1030 3944 alterove
1057 3875 1188 3943 illorum
1215 3878 1282 3944 iam
1311 3899 1369 3944 ex·

134 3984 290 4051 pressae
311 3961 555 4030 rischendorfio
577 3969 742 4041 servatum
765 3962 800 4026 in
823 3962 956 4047 reliquis
982 3968 1038 4026 147
1068 3963 1121 4029 hic
1149 3963 1230 4029 alias
1259 3964 1369 4031 lectio·
1464 4001 1469 4015 ·

133 4072 194 4119 nea
217 4048 434 4133 amplectitur.
468 4050 567 4114 Patet
588 4049 673 4114 hanc
696 4048 872 4114 editionem
893 4049 998 4115 multo
1019 4051 1153 4133 propius
1176 4049 1218 4115 ad
1240 4056 1369 4116 textum

133 4145 304 4222 receptum
326 4145 359 4202 et
381 4134 678 4201 Griesbachianum
700 4134 860 4213 accedere,
883 4157 982 4219 quam
1002 4136 1154 4218 priorem,
1178 4136 1369 4219 saepissime

133 4245 215 4292 vero
257 4221 465 4290 Lachmanni
508 4222 705 4304 scripturam
748 4230 845 4286 antea
887 4222 1146 4287 commendatam
1188 4221 1368 4304 repudiare.

135 4309 314 4378 Oauterum
343 4308 412 4375 abit
445 4331 464 4374 a
491 4308 599 4392 prima
624 4307 790 4389 Lipsiensi
816 4306 896 4373 locis
930 4309 998 4387 183,
1027 4330 1047 4373 a
1075 4307 1254 4373 Parisiensi
1289 4305 1370 4372 locis

136 4400 207 4462 201.
251 4395 428 4463 Lectiones
450 4392 757 4460 Tischenderfianas
779 4414 882 4459 novas
912 4414 1012 4478 supra
1038 4399 1236 4458 memoratas
1258 4399 1370 4457 servat

137 4484 314 4547 ³1⁸⁸b⁰<¹l¹et
343 4487 381 4544 39
407 4500 474 4545 non
495 4501 574 4545 vero
604 4479 709 4540 ΨΜ·
752 4479 793 4543 In
823 4479 885 4545 hac
913 4501 999 4546 nova
1026 4477 1167 4543 editione
1195 4484 1370 4543 occurrunt

134 4572 236 4639 etiam
266 4567 376 4654 plures
401 4568 543 4650 primum
571 4588 591 4630 a
618 4563 764 4630 Muralte
791 4574 938 4647 receptae
968 4565 1049 4649 (pe)
1077 4563 1257 4646 dequibus
1283 4565 1370 4629 infra

135 4659 271 4740 dicotur,
298 4665 370 4722 tum
398 4655 497 4722 etiam
520 4651 769 4738 Oomplutenses
798 4658 897 4726 antea
922 4651 1092 4737 neglectae
1114 4649 1170 4726 (D.
1193 4652 1242 4717 40.
1261 4651 1293 4719 J.
1319 4656 1368 4724 97.

1118 4751 1170 4811 Ἡ*
