<?xml version="1.0" encoding="UTF-8"?>
<!DOCTYPE html PUBLIC "-//W3C//DTD XHTML 1.0 Transitional//EN"
    "http://www.w3.org/TR/xhtml1/DTD/xhtml1-transitional.dtd">
<html xmlns="http://www.w3.org/1999/xhtml" xml:lang="en" lang="en">
 <head>
  <title>
</title>
<meta http-equiv="Content-Type" content="text/html;charset=utf-8" />
  <meta name='ocr-system' content='tesseract 3.04.00' />
  <meta name='ocr-capabilities' content='ocr_page ocr_carea ocr_par ocr_line ocrx_word'/>
</head>
<body>
  <div class='ocr_page' id='page_1' title='image "./bibliothecanovi00reusgoog_0110.png"; bbox 0 0 3000 5024; ppageno 0'>
   <div class='ocr_carea' id='block_1_1' title="bbox 505 243 898 307">
    <p class='ocr_par' dir='ltr' id='par_1_1' title="bbox 505 243 898 307">
     <span class='ocr_line' id='line_1_1' title="bbox 505 243 898 307; baseline -0.018 0"><span class='ocrx_word' id='word_1_1' title='bbox 505 246 701 307; x_wconf 67' lang='lat' dir='ltr'>semotus</span> <span class='ocrx_word' id='word_1_2' title='bbox 719 243 898 303; x_wconf 76' lang='lat' dir='ltr'><strong>BEZANAE.</strong></span> 
     </span>
    </p>
   </div>
   <div class='ocr_carea' id='block_1_2' title="bbox 295 513 1081 766">
    <p class='ocr_par' dir='ltr' id='par_1_2' title="bbox 295 513 1081 766">
     <span class='ocr_line' id='line_1_2' title="bbox 295 513 1048 593; baseline 0.003 -20"><span class='ocrx_word' id='word_1_3' title='bbox 295 513 370 574; x_wconf 71' lang='lat' dir='ltr'>aa*</span> <span class='ocrx_word' id='word_1_4' title='bbox 414 514 730 593; x_wconf 69' lang='grc'><strong>[6161666666.</strong></span> <span class='ocrx_word' id='word_1_5' title='bbox 756 520 867 592; x_wconf 73' lang='lat' dir='ltr'>Viquort</span> <span class='ocrx_word' id='word_1_6' title='bbox 899 518 990 579; x_wconf 88' lang='grc'><strong>1611.</strong></span> <span class='ocrx_word' id='word_1_7' title='bbox 1020 519 1048 577; x_wconf 88' lang='grc'><strong>8.</strong></span> 
     </span>
     <span class='ocr_line' id='line_1_3' title="bbox 348 601 1081 680; baseline 0.005 -22"><span class='ocrx_word' id='word_1_8' title='bbox 348 601 367 640; x_wconf 54' lang='grc'><strong>1</strong></span> <span class='ocrx_word' id='word_1_9' title='bbox 411 602 488 679; x_wconf 73' lang='lat' dir='ltr'>[Siue</span> <span class='ocrx_word' id='word_1_10' title='bbox 504 603 899 680; x_wconf 68' lang='grc'><strong>1666166611666106616.</strong></span> <span class='ocrx_word' id='word_1_11' title='bbox 933 606 1022 664; x_wconf 89' lang='grc'><strong>1611.</strong></span> <span class='ocrx_word' id='word_1_12' title='bbox 1053 607 1081 662; x_wconf 88' lang='grc'><strong>8.</strong></span> 
     </span>
     <span class='ocr_line' id='line_1_4' title="bbox 411 689 1029 766; baseline 0.002 -21"><span class='ocrx_word' id='word_1_13' title='bbox 411 689 487 765; x_wconf 74' lang='lat' dir='ltr'>[Siue</span> <span class='ocrx_word' id='word_1_14' title='bbox 504 690 571 766; x_wconf 81' lang='grc'><strong>1666]</strong></span> <span class='ocrx_word' id='word_1_15' title='bbox 590 694 745 765; x_wconf 78' lang='grc'><strong>66611166.</strong></span> <span class='ocrx_word' id='word_1_16' title='bbox 763 693 851 749; x_wconf 80' lang='grc'><strong>81666.</strong></span> <span class='ocrx_word' id='word_1_17' title='bbox 883 692 973 749; x_wconf 87' lang='grc'><strong>1611.</strong></span> <span class='ocrx_word' id='word_1_18' title='bbox 1002 693 1029 750; x_wconf 88' lang='grc'><strong>8.</strong></span> 
     </span>
    </p>
   </div>
   <div class='ocr_carea' id='block_1_3' title="bbox 83 819 1321 1854">
    <p class='ocr_par' dir='ltr' id='par_1_3' title="bbox 83 819 1321 1576">
     <span class='ocr_line' id='line_1_5' title="bbox 173 819 1321 908; baseline -0.004 -20"><span class='ocrx_word' id='word_1_19' title='bbox 173 821 251 888; x_wconf 82' lang='grc'><strong>1166</strong></span> <span class='ocrx_word' id='word_1_20' title='bbox 272 821 451 904; x_wconf 89' lang='lat' dir='ltr'>eademque</span> <span class='ocrx_word' id='word_1_21' title='bbox 478 829 529 888; x_wconf 90' lang='grc'><strong>661</strong></span> <span class='ocrx_word' id='word_1_22' title='bbox 557 823 656 889; x_wconf 93' lang='lat' dir='ltr'>editio</span> <span class='ocrx_word' id='word_1_23' title='bbox 684 845 786 907; x_wconf 88' lang='lat' dir='ltr'>eaque</span> <span class='ocrx_word' id='word_1_24' title='bbox 810 847 830 889; x_wconf 97' lang='grc'><strong>6</strong></span> <span class='ocrx_word' id='word_1_25' title='bbox 851 823 1036 908; x_wconf 82' lang='lat' dir='ltr'>bibliopolis</span> <span class='ocrx_word' id='word_1_26' title='bbox 1062 824 1182 888; x_wconf 90' lang='lat' dir='ltr'>iterum</span> <span class='ocrx_word' id='word_1_27' title='bbox 1211 819 1321 901; x_wconf 80' lang='grc'><strong>661616</strong></span> 
     </span>
     <span class='ocr_line' id='line_1_6' title="bbox 86 905 1319 994; baseline -0.003 -20"><span class='ocrx_word' id='word_1_28' title='bbox 86 907 254 992; x_wconf 85' lang='lat' dir='ltr'>appellata</span> <span class='ocrx_word' id='word_1_29' title='bbox 275 907 551 991; x_wconf 89' lang='lat' dir='ltr'>quemadmodum</span> <span class='ocrx_word' id='word_1_30' title='bbox 572 909 639 974; x_wconf 92' lang='lat' dir='ltr'><strong>iam</strong></span> <span class='ocrx_word' id='word_1_31' title='bbox 660 910 860 994; x_wconf 88' lang='lat' dir='ltr'>praecedens</span> <span class='ocrx_word' id='word_1_32' title='bbox 878 912 992 991; x_wconf 90' lang='lat' dir='ltr'>fuerat,</span> <span class='ocrx_word' id='word_1_33' title='bbox 1016 910 1101 993; x_wconf 97' lang='grc'><strong>6616,</strong></span> <span class='ocrx_word' id='word_1_34' title='bbox 1124 914 1161 974; x_wconf 91' lang='grc'><strong>61</strong></span> <span class='ocrx_word' id='word_1_35' title='bbox 1178 905 1319 984; x_wconf 88' lang='lat' dir='ltr'>videtur,</span> 
     </span>
     <span class='ocr_line' id='line_1_7' title="bbox 85 993 1319 1079; baseline -0.002 -20"><span class='ocrx_word' id='word_1_36' title='bbox 85 1015 208 1060; x_wconf 89' lang='lat' dir='ltr'>novam</span> <span class='ocrx_word' id='word_1_37' title='bbox 235 994 321 1060; x_wconf 89' lang='lat' dir='ltr'>hane</span> <span class='ocrx_word' id='word_1_38' title='bbox 347 993 390 1059; x_wconf 85' lang='lat' dir='ltr'>ed</span> <span class='ocrx_word' id='word_1_39' title='bbox 419 994 511 1058; x_wconf 87' lang='lat' dir='ltr'>illam</span> <span class='ocrx_word' id='word_1_40' title='bbox 536 996 722 1061; x_wconf 79' lang='lat' dir='ltr'><strong>referebant</strong></span> <span class='ocrx_word' id='word_1_41' title='bbox 748 1018 830 1079; x_wconf 91' lang='lat' dir='ltr'>quae</span> <span class='ocrx_word' id='word_1_42' title='bbox 859 1019 945 1062; x_wconf 91' lang='lat' dir='ltr'>anno</span> <span class='ocrx_word' id='word_1_43' title='bbox 978 1002 1058 1060; x_wconf 98' lang='grc'><strong>1590</strong></span> <span class='ocrx_word' id='word_1_44' title='bbox 1087 995 1174 1061; x_wconf 89' lang='grc'><strong>611116</strong></span> <span class='ocrx_word' id='word_1_45' title='bbox 1202 993 1319 1070; x_wconf 90' lang='grc'><strong>166661,</strong></span> 
     </span>
     <span class='ocr_line' id='line_1_8' title="bbox 84 1077 1319 1166; baseline -0.002 -21"><span class='ocrx_word' id='word_1_46' title='bbox 84 1100 275 1163; x_wconf 87' lang='lat' dir='ltr'>quanquam</span> <span class='ocrx_word' id='word_1_47' title='bbox 302 1081 419 1144; x_wconf 78' lang='lat' dir='ltr'><strong>tertiae</strong></span> <span class='ocrx_word' id='word_1_48' title='bbox 448 1082 561 1166; x_wconf 82' lang='lat'>(1580)</span> <span class='ocrx_word' id='word_1_49' title='bbox 595 1081 657 1147; x_wconf 92' lang='grc'><strong>666</strong></span> <span class='ocrx_word' id='word_1_50' title='bbox 684 1084 816 1147; x_wconf 92' lang='lat' dir='ltr'>nomine</span> <span class='ocrx_word' id='word_1_51' title='bbox 844 1083 975 1165; x_wconf 86' lang='lat' dir='ltr'>propior</span> <span class='ocrx_word' id='word_1_52' title='bbox 1004 1082 1069 1149; x_wconf 90' lang='lat' dir='ltr'>dici</span> <span class='ocrx_word' id='word_1_53' title='bbox 1096 1087 1206 1165; x_wconf 90' lang='lat' dir='ltr'>potest</span> <span class='ocrx_word' id='word_1_54' title='bbox 1234 1077 1319 1161; x_wconf 91' lang='lat' dir='ltr'>quod</span> 
     </span>
     <span class='ocr_line' id='line_1_9' title="bbox 84 1165 1320 1251; baseline -0.002 -19"><span class='ocrx_word' id='word_1_55' title='bbox 84 1167 168 1232; x_wconf 89' lang='grc'><strong>6666</strong></span> <span class='ocrx_word' id='word_1_56' title='bbox 201 1187 328 1250; x_wconf 91' lang='lat' dir='ltr'>quoque</span> <span class='ocrx_word' id='word_1_57' title='bbox 361 1165 524 1248; x_wconf 90' lang='lat' dir='ltr'>duplicem</span> <span class='ocrx_word' id='word_1_58' title='bbox 556 1166 696 1233; x_wconf 89' lang='lat' dir='ltr'>latinam</span> <span class='ocrx_word' id='word_1_59' title='bbox 734 1169 1041 1251; x_wconf 79' lang='lat' dir='ltr'><strong>interpretationem</strong></span> <span class='ocrx_word' id='word_1_60' title='bbox 1075 1165 1219 1234; x_wconf 77' lang='lat' dir='ltr'>exhibet.</span> <span class='ocrx_word' id='word_1_61' title='bbox 1269 1167 1320 1230; x_wconf 85' lang='lat' dir='ltr'>Le</span> 
     </span>
     <span class='ocr_line' id='line_1_10' title="bbox 83 1250 1320 1337; baseline -0.002 -19"><span class='ocrx_word' id='word_1_62' title='bbox 83 1252 238 1337; x_wconf 80' lang='lat' dir='ltr'>Longius</span> <span class='ocrx_word' id='word_1_63' title='bbox 259 1260 294 1316; x_wconf 91' lang='grc'><strong>61</strong></span> <span class='ocrx_word' id='word_1_64' title='bbox 314 1251 485 1318; x_wconf 85' lang='grc'><strong>116666166</strong></span> <span class='ocrx_word' id='word_1_65' title='bbox 508 1253 709 1335; x_wconf 84' lang='lat' dir='ltr'>exemplaria</span> <span class='ocrx_word' id='word_1_66' title='bbox 736 1276 811 1320; x_wconf 89' lang='lat' dir='ltr'><strong>eum</strong></span> <span class='ocrx_word' id='word_1_67' title='bbox 834 1255 980 1337; x_wconf 83' lang='lat' dir='ltr'>Crispini</span> <span class='ocrx_word' id='word_1_68' title='bbox 1008 1255 1140 1320; x_wconf 91' lang='lat' dir='ltr'>nomine</span> <span class='ocrx_word' id='word_1_69' title='bbox 1167 1272 1233 1317; x_wconf 92' lang='lat' dir='ltr'><strong>non</strong></span> <span class='ocrx_word' id='word_1_70' title='bbox 1261 1250 1320 1316; x_wconf 92' lang='lat' dir='ltr'>ha-</span> 
     </span>
     <span class='ocr_line' id='line_1_11' title="bbox 84 1336 1321 1421; baseline -0.002 -16"><span class='ocrx_word' id='word_1_71' title='bbox 84 1338 198 1405; x_wconf 88' lang='grc'><strong>661666</strong></span> <span class='ocrx_word' id='word_1_72' title='bbox 219 1336 385 1406; x_wconf 83' lang='lat' dir='ltr'>videntur.</span> <span class='ocrx_word' id='word_1_73' title='bbox 425 1339 541 1403; x_wconf 89' lang='lat' dir='ltr'>Meum</span> <span class='ocrx_word' id='word_1_74' title='bbox 563 1340 642 1404; x_wconf 90' lang='lat' dir='ltr'>olim</span> <span class='ocrx_word' id='word_1_75' title='bbox 663 1341 802 1405; x_wconf 85' lang='lat' dir='ltr'>Lorckii</span> <span class='ocrx_word' id='word_1_76' title='bbox 823 1341 893 1405; x_wconf 85' lang='lat' dir='ltr'>fuit</span> <span class='ocrx_word' id='word_1_77' title='bbox 925 1341 1137 1406; x_wconf 72' lang='grc'><strong>8166616666]</strong></span> <span class='ocrx_word' id='word_1_78' title='bbox 1158 1357 1321 1421; x_wconf 81' lang='lat' dir='ltr'>nusquam</span> 
     </span>
     <span class='ocr_line' id='line_1_12' title="bbox 85 1423 1321 1576; baseline -0.001 -87"><span class='ocrx_word' id='word_1_79' title='bbox 85 1423 369 1576; x_wconf 53' lang='lat' dir='ltr'>qiqiperifibtitulum</span> <span class='ocrx_word' id='word_1_80' title='bbox 392 1445 434 1489; x_wconf 91' lang='lat' dir='ltr'>ex</span> <span class='ocrx_word' id='word_1_81' title='bbox 456 1424 653 1491; x_wconf 90' lang='lat' dir='ltr'>bibliotheca</span> <span class='ocrx_word' id='word_1_82' title='bbox 674 1424 879 1493; x_wconf 81' lang='lat' dir='ltr'>Sussexiana</span> <span class='ocrx_word' id='word_1_83' title='bbox 907 1425 1069 1505; x_wconf 89' lang='lat' dir='ltr'>describo,</span> <span class='ocrx_word' id='word_1_84' title='bbox 1097 1425 1176 1491; x_wconf 88' lang='grc'><strong>66116</strong></span> <span class='ocrx_word' id='word_1_85' title='bbox 1204 1423 1321 1489; x_wconf 81' lang='lat' dir='ltr'>dubiae</span> 
     </span>
    </p>

    <p class='ocr_par' dir='ltr' id='par_1_4' title="bbox 136 1531 285 1576">
     <span class='ocr_line' id='line_1_13' title="bbox 136 1531 285 1576; baseline 0.007 -1"><span class='ocrx_word' id='word_1_86' title='bbox 136 1531 170 1575; x_wconf 85' lang='lat' dir='ltr'><strong>er</strong></span> <span class='ocrx_word' id='word_1_87' title='bbox 239 1532 285 1576; x_wconf 93' lang='grc' dir='ltr'><strong>6ο.</strong></span> 
     </span>
    </p>

    <p class='ocr_par' dir='ltr' id='par_1_5' title="bbox 84 1595 1320 1854">
     <span class='ocr_line' id='line_1_14' title="bbox 175 1595 1320 1681; baseline -0.003 -19"><span class='ocrx_word' id='word_1_88' title='bbox 175 1598 318 1662; x_wconf 75' lang='lat' dir='ltr'>Tantum</span> <span class='ocrx_word' id='word_1_89' title='bbox 340 1596 443 1660; x_wconf 91' lang='lat' dir='ltr'>sumit</span> <span class='ocrx_word' id='word_1_90' title='bbox 469 1617 511 1661; x_wconf 88' lang='lat' dir='ltr'>ex</span> <span class='ocrx_word' id='word_1_91' title='bbox 538 1605 655 1678; x_wconf 89' lang='grc'><strong>666616</strong></span> <span class='ocrx_word' id='word_1_92' title='bbox 683 1603 796 1676; x_wconf 89' lang='grc'><strong>(1590)</strong></span> <span class='ocrx_word' id='word_1_93' title='bbox 819 1619 839 1663; x_wconf 89' lang='grc'><strong>6</strong></span> <span class='ocrx_word' id='word_1_94' title='bbox 861 1619 925 1681; x_wconf 88' lang='grc'><strong>666</strong></span> <span class='ocrx_word' id='word_1_95' title='bbox 951 1606 1064 1663; x_wconf 88' lang='lat' dir='ltr'>tamen</span> <span class='ocrx_word' id='word_1_96' title='bbox 1093 1595 1233 1662; x_wconf 83' lang='lat' dir='ltr'>discedit</span> <span class='ocrx_word' id='word_1_97' title='bbox 1261 1616 1320 1660; x_wconf 90' lang='grc'><strong>666</strong></span> 
     </span>
     <span class='ocr_line' id='line_1_15' title="bbox 84 1680 1320 1767; baseline -0.002 -20"><span class='ocrx_word' id='word_1_98' title='bbox 84 1682 178 1763; x_wconf 87' lang='grc'><strong>16616,</strong></span> <span class='ocrx_word' id='word_1_99' title='bbox 200 1680 374 1766; x_wconf 83' lang='lat' dir='ltr'>repudiata</span> <span class='ocrx_word' id='word_1_100' title='bbox 396 1681 446 1746; x_wconf 95' lang='lat' dir='ltr'><strong>bis</strong></span> <span class='ocrx_word' id='word_1_101' title='bbox 468 1681 608 1748; x_wconf 89' lang='lat' dir='ltr'>lectione</span> <span class='ocrx_word' id='word_1_102' title='bbox 619 1684 754 1748; x_wconf 84' lang='lat' dir='ltr'>Bezana</span> <span class='ocrx_word' id='word_1_103' title='bbox 766 1684 822 1759; x_wconf 91' lang='lat' dir='ltr'><strong>(X.</strong></span> <span class='ocrx_word' id='word_1_104' title='bbox 837 1689 889 1749; x_wconf 85' lang='grc'><strong>40.</strong></span> <span class='ocrx_word' id='word_1_105' title='bbox 902 1687 966 1763; x_wconf 89' lang='grc'><strong>66),</strong></span> <span class='ocrx_word' id='word_1_106' title='bbox 989 1691 1188 1767; x_wconf 89' lang='grc'><strong>6666616166</strong></span> <span class='ocrx_word' id='word_1_107' title='bbox 1206 1680 1320 1746; x_wconf 88' lang='lat' dir='ltr'>eadem</span> 
     </span>
     <span class='ocr_line' id='line_1_16' title="bbox 85 1766 1022 1854; baseline 0 -20"><span class='ocrx_word' id='word_1_108' title='bbox 85 1766 146 1850; x_wconf 85' lang='lat' dir='ltr'><strong>(X.</strong></span> <span class='ocrx_word' id='word_1_109' title='bbox 169 1774 220 1834; x_wconf 83' lang='lat'><strong>41.</strong></span> <span class='ocrx_word' id='word_1_110' title='bbox 243 1771 292 1832; x_wconf 81' lang='lat'><strong>42.</strong></span> <span class='ocrx_word' id='word_1_111' title='bbox 317 1771 382 1848; x_wconf 79' lang='grc'><strong>69),</strong></span> <span class='ocrx_word' id='word_1_112' title='bbox 404 1767 486 1832; x_wconf 92' lang='lat' dir='ltr'>item</span> <span class='ocrx_word' id='word_1_113' title='bbox 508 1768 609 1835; x_wconf 93' lang='lat' dir='ltr'>semel</span> <span class='ocrx_word' id='word_1_114' title='bbox 629 1770 889 1854; x_wconf 85' lang='lat' dir='ltr'>Brylingeriana</span> <span class='ocrx_word' id='word_1_115' title='bbox 911 1773 953 1854; x_wconf 79' lang='grc' dir='ltr'><strong>(β.</strong></span> <span class='ocrx_word' id='word_1_116' title='bbox 983 1777 1022 1848; x_wconf 88' lang='grc'><strong>1).</strong></span> 
     </span>
    </p>
   </div>
   <div class='ocr_carea' id='block_1_4' title="bbox 83 2024 1320 2454">
    <p class='ocr_par' dir='ltr' id='par_1_6' title="bbox 83 2024 1320 2454">
     <span class='ocr_line' id='line_1_17' title="bbox 172 2024 1320 2112; baseline -0.001 -21"><span class='ocrx_word' id='word_1_117' title='bbox 172 2026 228 2091; x_wconf 81' lang='lat' dir='ltr'><strong>Ex</strong></span> <span class='ocrx_word' id='word_1_118' title='bbox 259 2024 354 2091; x_wconf 92' lang='lat' dir='ltr'>modo</span> <span class='ocrx_word' id='word_1_119' title='bbox 382 2024 479 2092; x_wconf 90' lang='lat' dir='ltr'>dictis</span> <span class='ocrx_word' id='word_1_120' title='bbox 505 2025 597 2091; x_wconf 88' lang='lat' dir='ltr'>facile</span> <span class='ocrx_word' id='word_1_121' title='bbox 625 2027 758 2112; x_wconf 89' lang='lat' dir='ltr'>colliges</span> <span class='ocrx_word' id='word_1_122' title='bbox 786 2036 916 2093; x_wconf 82' lang='lat' dir='ltr'>textum</span> <span class='ocrx_word' id='word_1_123' title='bbox 944 2028 1050 2094; x_wconf 84' lang='lat' dir='ltr'>Bezas</span> <span class='ocrx_word' id='word_1_124' title='bbox 1077 2027 1258 2111; x_wconf 91' lang='lat' dir='ltr'>genuinum</span> <span class='ocrx_word' id='word_1_125' title='bbox 1287 2035 1320 2091; x_wconf 91' lang='lat' dir='ltr'><strong>et</strong></span> 
     </span>
     <span class='ocr_line' id='line_1_18' title="bbox 84 2110 1318 2198; baseline -0.001 -21"><span class='ocrx_word' id='word_1_126' title='bbox 84 2111 227 2179; x_wconf 90' lang='lat' dir='ltr'>Henrici</span> <span class='ocrx_word' id='word_1_127' title='bbox 249 2110 412 2195; x_wconf 79' lang='lat' dir='ltr'>Stephani</span> <span class='ocrx_word' id='word_1_128' title='bbox 433 2113 543 2177; x_wconf 93' lang='lat' dir='ltr'>minus</span> <span class='ocrx_word' id='word_1_129' title='bbox 564 2113 631 2178; x_wconf 90' lang='lat' dir='ltr'>late</span> <span class='ocrx_word' id='word_1_130' title='bbox 654 2114 861 2198; x_wconf 90' lang='lat' dir='ltr'>divulgatum</span> <span class='ocrx_word' id='word_1_131' title='bbox 883 2115 983 2180; x_wconf 89' lang='lat' dir='ltr'>fuisse</span> <span class='ocrx_word' id='word_1_132' title='bbox 1005 2115 1184 2179; x_wconf 87' lang='grc'><strong>61166616</strong></span> <span class='ocrx_word' id='word_1_133' title='bbox 1206 2111 1318 2178; x_wconf 87' lang='lat' dir='ltr'>Oalvi-</span> 
     </span>
     <span class='ocr_line' id='line_1_19' title="bbox 84 2196 1319 2281; baseline 0 -18"><span class='ocrx_word' id='word_1_134' title='bbox 84 2198 251 2263; x_wconf 88' lang='lat' dir='ltr'>nistarum</span> <span class='ocrx_word' id='word_1_135' title='bbox 284 2198 429 2264; x_wconf 90' lang='lat' dir='ltr'>coetibus</span> <span class='ocrx_word' id='word_1_136' title='bbox 461 2196 653 2264; x_wconf 87' lang='lat' dir='ltr'>substitisse.</span> <span class='ocrx_word' id='word_1_137' title='bbox 705 2199 813 2281; x_wconf 76' lang='lat' dir='ltr'>Quem</span> <span class='ocrx_word' id='word_1_138' title='bbox 841 2209 953 2266; x_wconf 89' lang='lat' dir='ltr'>tamen</span> <span class='ocrx_word' id='word_1_139' title='bbox 984 2221 1064 2265; x_wconf 86' lang='lat' dir='ltr'><strong>mox</strong></span> <span class='ocrx_word' id='word_1_140' title='bbox 1095 2197 1319 2265; x_wconf 77' lang='lat' dir='ltr'>intercedente</span> 
     </span>
     <span class='ocr_line' id='line_1_20' title="bbox 83 2282 1319 2370; baseline 0 -21"><span class='ocrx_word' id='word_1_141' title='bbox 83 2283 315 2349; x_wconf 83' lang='lat' dir='ltr'>Eizevirorum</span> <span class='ocrx_word' id='word_1_142' title='bbox 338 2282 503 2349; x_wconf 89' lang='lat' dir='ltr'>industria</span> <span class='ocrx_word' id='word_1_143' title='bbox 523 2285 668 2350; x_wconf 88' lang='lat' dir='ltr'>omnium</span> <span class='ocrx_word' id='word_1_144' title='bbox 687 2287 988 2370; x_wconf 87' lang='lat' dir='ltr'>frequentissimum</span> <span class='ocrx_word' id='word_1_145' title='bbox 1010 2286 1204 2365; x_wconf 87' lang='lat' dir='ltr'>videbimus,</span> <span class='ocrx_word' id='word_1_146' title='bbox 1227 2283 1319 2350; x_wconf 90' lang='lat' dir='ltr'>orba-</span> 
     </span>
     <span class='ocr_line' id='line_1_21' title="bbox 83 2369 1015 2454; baseline 0.001 -18"><span class='ocrx_word' id='word_1_147' title='bbox 83 2377 159 2436; x_wconf 92' lang='lat' dir='ltr'><strong>tum</strong></span> <span class='ocrx_word' id='word_1_148' title='bbox 181 2380 293 2437; x_wconf 83' lang='lat' dir='ltr'>tamen</span> <span class='ocrx_word' id='word_1_149' title='bbox 315 2370 464 2454; x_wconf 89' lang='lat' dir='ltr'>primarii</span> <span class='ocrx_word' id='word_1_150' title='bbox 486 2369 621 2436; x_wconf 89' lang='lat' dir='ltr'>editoris</span> <span class='ocrx_word' id='word_1_151' title='bbox 644 2382 678 2436; x_wconf 92' lang='lat' dir='ltr'><strong>et</strong></span> <span class='ocrx_word' id='word_1_152' title='bbox 699 2373 832 2439; x_wconf 92' lang='lat' dir='ltr'>nomine</span> <span class='ocrx_word' id='word_1_153' title='bbox 854 2380 888 2439; x_wconf 91' lang='grc'><strong>61</strong></span> <span class='ocrx_word' id='word_1_154' title='bbox 909 2370 1015 2438; x_wconf 88' lang='lat' dir='ltr'>laude.</span> 
     </span>
    </p>
   </div>
   <div class='ocr_carea' id='block_1_5' title="bbox 414 2612 937 2717">
    <p class='ocr_par' dir='ltr' id='par_1_7' title="bbox 414 2612 937 2717">
     <span class='ocr_line' id='line_1_22' title="bbox 414 2612 937 2717; baseline 0 -40"><span class='ocrx_word' id='word_1_155' title='bbox 414 2713 421 2717; x_wconf 17' lang='grc' dir='ltr'><strong>ῃ</strong></span> <span class='ocrx_word' id='word_1_156' title='bbox 469 2612 534 2696; x_wconf 60' lang='lat' dir='ltr'>§ia</span> <span class='ocrx_word' id='word_1_157' title='bbox 579 2612 740 2679; x_wconf 78' lang='lat' dir='ltr'>EDITIO</span> <span class='ocrx_word' id='word_1_158' title='bbox 762 2613 937 2681; x_wconf 85' lang='lat' dir='ltr'><strong>LUBINI.</strong></span> 
     </span>
    </p>
   </div>
   <div class='ocr_carea' id='block_1_6' title="bbox 209 2785 1190 3122">
    <p class='ocr_par' dir='ltr' id='par_1_8' title="bbox 209 2785 1190 3032">
     <span class='ocr_line' id='line_1_23' title="bbox 209 2785 1190 2860; baseline -0.001 -12"><span class='ocrx_word' id='word_1_159' title='bbox 209 2785 286 2848; x_wconf 52' lang='lat' dir='ltr'><strong>29st</strong></span> <span class='ocrx_word' id='word_1_160' title='bbox 327 2786 628 2860; x_wconf 70' lang='lat' dir='ltr'>ROSTOGHIItppu</span> <span class='ocrx_word' id='word_1_161' title='bbox 644 2791 737 2846; x_wconf 78' lang='lat' dir='ltr'>Ioach.</span> <span class='ocrx_word' id='word_1_162' title='bbox 759 2791 878 2847; x_wconf 73' lang='lat' dir='ltr'>Pedmri.</span> <span class='ocrx_word' id='word_1_163' title='bbox 909 2789 1128 2850; x_wconf 88' lang='grc'><strong>1614-1616.</strong></span> <span class='ocrx_word' id='word_1_164' title='bbox 1162 2791 1190 2847; x_wconf 93' lang='grc'><strong>4.</strong></span> 
     </span>
     <span class='ocr_line' id='line_1_24' title="bbox 327 2873 1047 2948; baseline 0.004 -18"><span class='ocrx_word' id='word_1_165' title='bbox 327 2873 616 2932; x_wconf 82' lang='lat' dir='ltr'>AMSTELODAMI</span> <span class='ocrx_word' id='word_1_166' title='bbox 634 2894 681 2948; x_wconf 82' lang='lat' dir='ltr'><strong>cp.</strong></span> <span class='ocrx_word' id='word_1_167' title='bbox 699 2879 740 2932; x_wconf 92' lang='lat' dir='ltr'><strong>Io.</strong></span> <span class='ocrx_word' id='word_1_168' title='bbox 758 2880 869 2934; x_wconf 81' lang='grc'><strong>161666</strong></span> <span class='ocrx_word' id='word_1_169' title='bbox 901 2878 991 2936; x_wconf 88' lang='grc'><strong>1614.</strong></span> <span class='ocrx_word' id='word_1_170' title='bbox 1020 2879 1047 2934; x_wconf 88' lang='grc'><strong>4,</strong></span> 
     </span>
     <span class='ocr_line' id='line_1_25' title="bbox 326 2960 1026 3032; baseline 0.001 -14"><span class='ocrx_word' id='word_1_171' title='bbox 326 2960 538 3018; x_wconf 79' lang='lat' dir='ltr'>ROSTOCHII</span> <span class='ocrx_word' id='word_1_172' title='bbox 555 2980 602 3032; x_wconf 84' lang='lat' dir='ltr'>up.</span> <span class='ocrx_word' id='word_1_173' title='bbox 620 2965 661 3018; x_wconf 91' lang='lat' dir='ltr'><strong>Io.</strong></span> <span class='ocrx_word' id='word_1_174' title='bbox 680 2965 847 3031; x_wconf 80' lang='lat' dir='ltr'>Hellcrfeld.</span> <span class='ocrx_word' id='word_1_175' title='bbox 879 2963 967 3022; x_wconf 82' lang='grc'><strong>1617.</strong></span> <span class='ocrx_word' id='word_1_176' title='bbox 1000 2965 1026 3020; x_wconf 92' lang='grc'><strong>4.</strong></span> 
     </span>
    </p>

    <p class='ocr_par' dir='ltr' id='par_1_9' title="bbox 267 3046 1173 3122">
     <span class='ocr_line' id='line_1_26' title="bbox 267 3046 1173 3122; baseline 0.001 -18"><span class='ocrx_word' id='word_1_177' title='bbox 267 3046 286 3085; x_wconf 52' lang='grc'><strong>1</strong></span> <span class='ocrx_word' id='word_1_178' title='bbox 328 3047 540 3105; x_wconf 82' lang='lat' dir='ltr'>ROSTOCHII</span> <span class='ocrx_word' id='word_1_179' title='bbox 557 3049 688 3119; x_wconf 75' lang='lat' dir='ltr'>imperaris</span> <span class='ocrx_word' id='word_1_180' title='bbox 705 3051 857 3122; x_wconf 70' lang='lat' dir='ltr'>Augustini</span> <span class='ocrx_word' id='word_1_181' title='bbox 872 3053 993 3107; x_wconf 81' lang='lat' dir='ltr'>Ferbera&#39;.</span> <span class='ocrx_word' id='word_1_182' title='bbox 1027 3047 1116 3106; x_wconf 72' lang='grc'><strong>1616.</strong></span> <span class='ocrx_word' id='word_1_183' title='bbox 1145 3050 1173 3105; x_wconf 90' lang='grc'><strong>4.</strong></span> 
     </span>
    </p>
   </div>
   <div class='ocr_carea' id='block_1_7' title="bbox 80 3179 1344 4743">
    <p class='ocr_par' dir='ltr' id='par_1_10' title="bbox 83 3179 1320 3697">
     <span class='ocr_line' id='line_1_27' title="bbox 172 3179 1319 3267; baseline -0.003 -20"><span class='ocrx_word' id='word_1_184' title='bbox 172 3180 221 3247; x_wconf 89' lang='grc' dir='ltr'><strong>Η1</strong></span> <span class='ocrx_word' id='word_1_185' title='bbox 242 3201 356 3247; x_wconf 87' lang='lat' dir='ltr'>omnes</span> <span class='ocrx_word' id='word_1_186' title='bbox 378 3180 523 3246; x_wconf 91' lang='lat' dir='ltr'>eiusdem</span> <span class='ocrx_word' id='word_1_187' title='bbox 541 3179 616 3246; x_wconf 88' lang='lat' dir='ltr'>libri</span> <span class='ocrx_word' id='word_1_188' title='bbox 634 3189 711 3247; x_wconf 90' lang='lat' dir='ltr'>sunt</span> <span class='ocrx_word' id='word_1_189' title='bbox 730 3183 827 3262; x_wconf 86' lang='lat' dir='ltr'>tituli,</span> <span class='ocrx_word' id='word_1_190' title='bbox 851 3189 947 3249; x_wconf 86' lang='grc'><strong>6166</strong></span> <span class='ocrx_word' id='word_1_191' title='bbox 965 3183 1203 3267; x_wconf 88' lang='grc'><strong>6666661611666</strong></span> <span class='ocrx_word' id='word_1_192' title='bbox 1220 3180 1319 3265; x_wconf 91' lang='lat' dir='ltr'>primi</span> 
     </span>
     <span class='ocr_line' id='line_1_28' title="bbox 83 3266 1320 3352; baseline -0.003 -17"><span class='ocrx_word' id='word_1_193' title='bbox 83 3268 267 3335; x_wconf 85' lang='lat' dir='ltr'>voluminis</span> <span class='ocrx_word' id='word_1_194' title='bbox 294 3277 328 3332; x_wconf 91' lang='grc'><strong>61</strong></span> <span class='ocrx_word' id='word_1_195' title='bbox 354 3288 397 3332; x_wconf 88' lang='grc'><strong>66</strong></span> <span class='ocrx_word' id='word_1_196' title='bbox 424 3266 637 3350; x_wconf 77' lang='lat' dir='ltr'>inscriptione</span> <span class='ocrx_word' id='word_1_197' title='bbox 667 3269 769 3334; x_wconf 89' lang='lat' dir='ltr'>clavis</span> <span class='ocrx_word' id='word_1_198' title='bbox 797 3269 970 3335; x_wconf 91' lang='lat' dir='ltr'>adiunctae</span> <span class='ocrx_word' id='word_1_199' title='bbox 1004 3293 1028 3336; x_wconf 92' lang='lat' dir='ltr'>s.</span> <span class='ocrx_word' id='word_1_200' title='bbox 1063 3269 1177 3336; x_wconf 82' lang='lat' dir='ltr'>lexidii</span> <span class='ocrx_word' id='word_1_201' title='bbox 1210 3268 1320 3352; x_wconf 90' lang='lat' dir='ltr'>graeci</span> 
     </span>
     <span class='ocr_line' id='line_1_29' title="bbox 83 3353 1320 3440; baseline -0.002 -20"><span class='ocrx_word' id='word_1_202' title='bbox 83 3363 187 3439; x_wconf 88' lang='lat' dir='ltr'>patet</span> <span class='ocrx_word' id='word_1_203' title='bbox 238 3353 454 3436; x_wconf 81' lang='lat' dir='ltr'>Exemplaria</span> <span class='ocrx_word' id='word_1_204' title='bbox 482 3354 572 3419; x_wconf 92' lang='lat' dir='ltr'>enim</span> <span class='ocrx_word' id='word_1_205' title='bbox 600 3353 709 3420; x_wconf 91' lang='lat' dir='ltr'>minus</span> <span class='ocrx_word' id='word_1_206' title='bbox 736 3355 855 3440; x_wconf 92' lang='lat' dir='ltr'>cupide</span> <span class='ocrx_word' id='word_1_207' title='bbox 884 3356 925 3422; x_wconf 90' lang='lat' dir='ltr'>ab</span> <span class='ocrx_word' id='word_1_208' title='bbox 954 3356 1133 3423; x_wconf 86' lang='lat' dir='ltr'>emtoribus</span> <span class='ocrx_word' id='word_1_209' title='bbox 1163 3355 1320 3420; x_wconf 87' lang='lat' dir='ltr'>distracta</span> 
     </span>
     <span class='ocr_line' id='line_1_30' title="bbox 84 3438 1318 3524; baseline -0.002 -17"><span class='ocrx_word' id='word_1_210' title='bbox 84 3440 227 3507; x_wconf 86' lang='lat' dir='ltr'>subinde</span> <span class='ocrx_word' id='word_1_211' title='bbox 258 3439 356 3505; x_wconf 86' lang='lat' dir='ltr'>novis</span> <span class='ocrx_word' id='word_1_212' title='bbox 388 3438 496 3504; x_wconf 89' lang='lat' dir='ltr'>titulis</span> <span class='ocrx_word' id='word_1_213' title='bbox 530 3449 647 3505; x_wconf 88' lang='lat' dir='ltr'>ornata</span> <span class='ocrx_word' id='word_1_214' title='bbox 683 3449 761 3505; x_wconf 90' lang='lat' dir='ltr'>sunt</span> <span class='ocrx_word' id='word_1_215' title='bbox 798 3464 862 3524; x_wconf 93' lang='lat' dir='ltr'>quo</span> <span class='ocrx_word' id='word_1_216' title='bbox 896 3445 1024 3508; x_wconf 91' lang='grc'><strong>16611166</strong></span> <span class='ocrx_word' id='word_1_217' title='bbox 1056 3445 1217 3508; x_wconf 87' lang='lat' dir='ltr'>venirent.</span> <span class='ocrx_word' id='word_1_218' title='bbox 1269 3439 1318 3506; x_wconf 83' lang='grc'><strong>01.</strong></span> 
     </span>
     <span class='ocr_line' id='line_1_31' title="bbox 83 3524 1320 3609; baseline -0.003 -16"><span class='ocrx_word' id='word_1_219' title='bbox 83 3527 278 3593; x_wconf 86' lang='lat' dir='ltr'>Knochium</span> <span class='ocrx_word' id='word_1_220' title='bbox 299 3547 331 3609; x_wconf 89' lang='lat' dir='ltr'><strong>p.</strong></span> <span class='ocrx_word' id='word_1_221' title='bbox 344 3526 415 3604; x_wconf 77' lang='lat'>422,</span> <span class='ocrx_word' id='word_1_222' title='bbox 439 3524 598 3590; x_wconf 79' lang='lat' dir='ltr'>Goezium</span> <span class='ocrx_word' id='word_1_223' title='bbox 618 3527 645 3590; x_wconf 93' lang='lat' dir='ltr'><strong>I.</strong></span> <span class='ocrx_word' id='word_1_224' title='bbox 660 3532 688 3591; x_wconf 82' lang='lat'><strong>7.</strong></span> <span class='ocrx_word' id='word_1_225' title='bbox 710 3526 756 3590; x_wconf 90' lang='lat'><strong>11.</strong></span> <span class='ocrx_word' id='word_1_226' title='bbox 783 3531 827 3608; x_wconf 78' lang='grc'><strong>16,</strong></span> <span class='ocrx_word' id='word_1_227' title='bbox 850 3530 1091 3596; x_wconf 88' lang='lat' dir='ltr'>Bibliothecam</span> <span class='ocrx_word' id='word_1_228' title='bbox 1102 3526 1320 3593; x_wconf 88' lang='lat' dir='ltr'>Moerlianam</span> 
     </span>
     <span class='ocr_line' id='line_1_32' title="bbox 83 3611 979 3697; baseline 0.006 -22"><span class='ocrx_word' id='word_1_229' title='bbox 83 3635 118 3697; x_wconf 91' lang='lat' dir='ltr'><strong>p.</strong></span> <span class='ocrx_word' id='word_1_230' title='bbox 143 3617 214 3692; x_wconf 84' lang='grc'><strong>316,</strong></span> <span class='ocrx_word' id='word_1_231' title='bbox 237 3611 496 3678; x_wconf 87' lang='lat' dir='ltr'>Boernerianam</span> <span class='ocrx_word' id='word_1_232' title='bbox 519 3633 551 3695; x_wconf 93' lang='lat' dir='ltr'><strong>p.</strong></span> <span class='ocrx_word' id='word_1_233' title='bbox 575 3615 624 3691; x_wconf 91' lang='grc'><strong>56,</strong></span> <span class='ocrx_word' id='word_1_234' title='bbox 648 3613 834 3679; x_wconf 89' lang='lat' dir='ltr'>Maschium</span> <span class='ocrx_word' id='word_1_235' title='bbox 857 3616 884 3681; x_wconf 91' lang='grc' dir='ltr'><strong>Ι.</strong></span> <span class='ocrx_word' id='word_1_236' title='bbox 908 3620 979 3680; x_wconf 89' lang='grc'><strong>411.</strong></span> 
     </span>
    </p>

    <p class='ocr_par' dir='ltr' id='par_1_11' title="bbox 80 3696 1344 4560">
     <span class='ocr_line' id='line_1_33' title="bbox 173 3696 1319 3784; baseline 0 -20"><span class='ocrx_word' id='word_1_237' title='bbox 173 3699 272 3765; x_wconf 89' lang='grc' dir='ltr'><strong>Η666</strong></span> <span class='ocrx_word' id='word_1_238' title='bbox 293 3697 390 3780; x_wconf 89' lang='grc'><strong>61666</strong></span> <span class='ocrx_word' id='word_1_239' title='bbox 412 3696 615 3782; x_wconf 82' lang='lat' dir='ltr'>singularem</span> <span class='ocrx_word' id='word_1_240' title='bbox 643 3706 676 3763; x_wconf 90' lang='lat' dir='ltr'><strong>et</strong></span> <span class='ocrx_word' id='word_1_241' title='bbox 697 3699 795 3766; x_wconf 93' lang='lat' dir='ltr'>hodie</span> <span class='ocrx_word' id='word_1_242' title='bbox 817 3701 1059 3784; x_wconf 81' lang='lat' dir='ltr'>infrequentem</span> <span class='ocrx_word' id='word_1_243' title='bbox 1079 3699 1121 3766; x_wconf 92' lang='lat' dir='ltr'><strong>N.</strong></span> <span class='ocrx_word' id='word_1_244' title='bbox 1143 3700 1179 3766; x_wconf 74' lang='grc' dir='ltr'><strong>Τ.</strong></span> <span class='ocrx_word' id='word_1_245' title='bbox 1204 3696 1319 3764; x_wconf 91' lang='lat' dir='ltr'>editio-</span> 
     </span>
     <span class='ocr_line' id='line_1_34' title="bbox 83 3784 1319 3872; baseline 0 -20"><span class='ocrx_word' id='word_1_246' title='bbox 83 3807 163 3852; x_wconf 90' lang='lat' dir='ltr'><strong>nem</strong></span> <span class='ocrx_word' id='word_1_247' title='bbox 184 3785 376 3868; x_wconf 79' lang='lat' dir='ltr'>trilinguem</span> <span class='ocrx_word' id='word_1_248' title='bbox 397 3784 540 3867; x_wconf 90' lang='lat' dir='ltr'>propriis</span> <span class='ocrx_word' id='word_1_249' title='bbox 561 3785 723 3851; x_wconf 90' lang='lat' dir='ltr'>sumtibus</span> <span class='ocrx_word' id='word_1_250' title='bbox 746 3787 967 3872; x_wconf 82' lang='lat' dir='ltr'>evulgandum</span> <span class='ocrx_word' id='word_1_251' title='bbox 989 3788 1116 3853; x_wconf 88' lang='lat' dir='ltr'>curavit</span> <span class='ocrx_word' id='word_1_252' title='bbox 1137 3785 1319 3852; x_wconf 82' lang='lat' dir='ltr'>Eilhardus</span> 
     </span>
     <span class='ocr_line' id='line_1_35' title="bbox 83 3870 1318 3955; baseline -0.001 -17"><span class='ocrx_word' id='word_1_253' title='bbox 83 3871 240 3938; x_wconf 83' lang='lat' dir='ltr'>Lubinus</span> <span class='ocrx_word' id='word_1_254' title='bbox 258 3871 420 3953; x_wconf 87' lang='lat' dir='ltr'>professor</span> <span class='ocrx_word' id='word_1_255' title='bbox 437 3870 686 3937; x_wconf 87' lang='lat' dir='ltr'>Rostochiensis</span> <span class='ocrx_word' id='word_1_256' title='bbox 708 3872 764 3955; x_wconf 92' lang='lat' dir='ltr'><strong>qui</strong></span> <span class='ocrx_word' id='word_1_257' title='bbox 784 3893 811 3938; x_wconf 90' lang='grc'><strong>6.</strong></span> <span class='ocrx_word' id='word_1_258' title='bbox 838 3876 912 3936; x_wconf 85' lang='grc'><strong>1691</strong></span> <span class='ocrx_word' id='word_1_259' title='bbox 936 3895 978 3939; x_wconf 92' lang='grc'><strong>66</strong></span> <span class='ocrx_word' id='word_1_260' title='bbox 999 3873 1061 3940; x_wconf 87' lang='grc'><strong>666</strong></span> <span class='ocrx_word' id='word_1_261' title='bbox 1082 3873 1152 3940; x_wconf 87' lang='lat' dir='ltr'>vita</span> <span class='ocrx_word' id='word_1_262' title='bbox 1170 3871 1318 3938; x_wconf 87' lang='lat' dir='ltr'>decessit.</span> 
     </span>
     <span class='ocr_line' id='line_1_36' title="bbox 83 3955 1319 4043; baseline -0.002 -18"><span class='ocrx_word' id='word_1_263' title='bbox 83 3957 205 4025; x_wconf 86' lang='lat' dir='ltr'>Versio</span> <span class='ocrx_word' id='word_1_264' title='bbox 225 3957 330 4023; x_wconf 86' lang='lat' dir='ltr'>latina</span> <span class='ocrx_word' id='word_1_265' title='bbox 351 3964 385 4021; x_wconf 94' lang='lat' dir='ltr'><strong>et</strong></span> <span class='ocrx_word' id='word_1_266' title='bbox 402 3955 546 4022; x_wconf 90' lang='lat' dir='ltr'>Lutheri</span> <span class='ocrx_word' id='word_1_267' title='bbox 570 3958 758 4042; x_wconf 87' lang='lat' dir='ltr'>germanica</span> <span class='ocrx_word' id='word_1_268' title='bbox 774 3959 869 4025; x_wconf 91' lang='lat' dir='ltr'>lineis</span> <span class='ocrx_word' id='word_1_269' title='bbox 888 3961 1012 4043; x_wconf 83' lang='lat' dir='ltr'>graecis</span> <span class='ocrx_word' id='word_1_270' title='bbox 1035 3960 1083 4026; x_wconf 87' lang='grc'><strong>116</strong></span> <span class='ocrx_word' id='word_1_271' title='bbox 1105 3958 1319 4043; x_wconf 86' lang='lat' dir='ltr'>interpositae</span> 
     </span>
     <span class='ocr_line' id='line_1_37' title="bbox 83 4043 1317 4131; baseline -0.003 -19"><span class='ocrx_word' id='word_1_272' title='bbox 83 4043 315 4112; x_wconf 87' lang='grc'><strong>6661611666</strong></span> <span class='ocrx_word' id='word_1_273' title='bbox 336 4043 475 4110; x_wconf 84' lang='lat' dir='ltr'>verbum</span> <span class='ocrx_word' id='word_1_274' title='bbox 497 4044 597 4110; x_wconf 88' lang='lat' dir='ltr'>verbo</span> <span class='ocrx_word' id='word_1_275' title='bbox 619 4044 824 4127; x_wconf 86' lang='lat' dir='ltr'>respondeat.</span> <span class='ocrx_word' id='word_1_276' title='bbox 858 4045 950 4129; x_wconf 89' lang='lat' dir='ltr'>Opus</span> <span class='ocrx_word' id='word_1_277' title='bbox 972 4048 1083 4131; x_wconf 88' lang='lat' dir='ltr'>pueris</span> <span class='ocrx_word' id='word_1_278' title='bbox 1105 4045 1317 4124; x_wconf 83' lang='lat' dir='ltr'>destinatum,</span> 
     </span>
     <span class='ocr_line' id='line_1_38' title="bbox 83 4128 1319 4217; baseline -0.002 -20"><span class='ocrx_word' id='word_1_279' title='bbox 83 4151 166 4216; x_wconf 88' lang='lat' dir='ltr'>quos</span> <span class='ocrx_word' id='word_1_280' title='bbox 187 4129 250 4197; x_wconf 91' lang='lat' dir='ltr'><strong>hoo</strong></span> <span class='ocrx_word' id='word_1_281' title='bbox 272 4128 395 4195; x_wconf 80' lang='lat' dir='ltr'>auxilio</span> <span class='ocrx_word' id='word_1_282' title='bbox 418 4130 574 4196; x_wconf 84' lang='lat' dir='ltr'>adiuvare</span> <span class='ocrx_word' id='word_1_283' title='bbox 596 4130 728 4197; x_wconf 83' lang='lat' dir='ltr'>volebat</span> <span class='ocrx_word' id='word_1_284' title='bbox 756 4131 861 4198; x_wconf 88' lang='lat' dir='ltr'>editor</span> <span class='ocrx_word' id='word_1_285' title='bbox 889 4132 1080 4217; x_wconf 91' lang='lat' dir='ltr'>linguarum</span> <span class='ocrx_word' id='word_1_286' title='bbox 1108 4133 1319 4215; x_wconf 90' lang='lat' dir='ltr'>antiquarum</span> 
     </span>
     <span class='ocr_line' id='line_1_39' title="bbox 83 4215 1317 4301; baseline -0.002 -18"><span class='ocrx_word' id='word_1_287' title='bbox 83 4216 196 4283; x_wconf 87' lang='grc'><strong>6161116</strong></span> <span class='ocrx_word' id='word_1_288' title='bbox 218 4215 453 4284; x_wconf 90' lang='lat' dir='ltr'>incumbentes.</span> <span class='ocrx_word' id='word_1_289' title='bbox 498 4215 607 4301; x_wconf 80' lang='lat' dir='ltr'>Igitur</span> <span class='ocrx_word' id='word_1_290' title='bbox 631 4218 816 4284; x_wconf 75' lang='lat' dir='ltr'>versionem</span> <span class='ocrx_word' id='word_1_291' title='bbox 838 4219 984 4284; x_wconf 87' lang='lat' dir='ltr'>Lntheri</span> <span class='ocrx_word' id='word_1_292' title='bbox 1010 4218 1152 4284; x_wconf 89' lang='lat' dir='ltr'>fideliter</span> <span class='ocrx_word' id='word_1_293' title='bbox 1179 4215 1317 4283; x_wconf 86' lang='lat' dir='ltr'>retinuit</span> 
     </span>
     <span class='ocr_line' id='line_1_40' title="bbox 81 4303 1344 4389; baseline -0.002 -19"><span class='ocrx_word' id='word_1_294' title='bbox 81 4304 179 4370; x_wconf 80' lang='lat' dir='ltr'>velut</span> <span class='ocrx_word' id='word_1_295' title='bbox 199 4310 311 4368; x_wconf 86' lang='lat' dir='ltr'>textus</span> <span class='ocrx_word' id='word_1_296' title='bbox 331 4324 481 4368; x_wconf 89' lang='lat' dir='ltr'>normam</span> <span class='ocrx_word' id='word_1_297' title='bbox 503 4325 691 4387; x_wconf 89' lang='lat' dir='ltr'>supremam</span> <span class='ocrx_word' id='word_1_298' title='bbox 713 4313 746 4369; x_wconf 94' lang='lat' dir='ltr'><strong>et</strong></span> <span class='ocrx_word' id='word_1_299' title='bbox 767 4305 1000 4384; x_wconf 85' lang='lat' dir='ltr'>authenticam,</span> <span class='ocrx_word' id='word_1_300' title='bbox 1023 4303 1065 4370; x_wconf 88' lang='lat' dir='ltr'>ad</span> <span class='ocrx_word' id='word_1_301' title='bbox 1082 4326 1183 4387; x_wconf 89' lang='lat' dir='ltr'>quam</span> <span class='ocrx_word' id='word_1_302' title='bbox 1200 4322 1319 4388; x_wconf 87' lang='lat' dir='ltr'>graeca</span> <span class='ocrx_word' id='word_1_303' title='bbox 1340 4383 1344 4389; x_wconf 88' lang='lat'>.</span> 
     </span>
     <span class='ocr_line' id='line_1_41' title="bbox 81 4389 1318 4474; baseline 0 -19"><span class='ocrx_word' id='word_1_304' title='bbox 81 4410 144 4474; x_wconf 90' lang='lat' dir='ltr'>pro</span> <span class='ocrx_word' id='word_1_305' title='bbox 166 4390 379 4473; x_wconf 79' lang='lat' dir='ltr'>necessitate,</span> <span class='ocrx_word' id='word_1_306' title='bbox 408 4389 523 4455; x_wconf 90' lang='lat' dir='ltr'>ordine</span> <span class='ocrx_word' id='word_1_307' title='bbox 546 4390 720 4456; x_wconf 89' lang='lat' dir='ltr'>verborum</span> <span class='ocrx_word' id='word_1_308' title='bbox 747 4393 869 4473; x_wconf 89' lang='lat' dir='ltr'>passim</span> <span class='ocrx_word' id='word_1_309' title='bbox 898 4401 1040 4470; x_wconf 89' lang='lat' dir='ltr'>mutato,</span> <span class='ocrx_word' id='word_1_310' title='bbox 1067 4412 1169 4474; x_wconf 78' lang='lat' dir='ltr'>cepere</span> <span class='ocrx_word' id='word_1_311' title='bbox 1196 4395 1318 4456; x_wconf 82' lang='grc'><strong>6666166</strong></span> 
     </span>
     <span class='ocr_line' id='line_1_42' title="bbox 80 4474 1150 4560; baseline -0.002 -19"><span class='ocrx_word' id='word_1_312' title='bbox 80 4477 156 4560; x_wconf 79' lang='lat' dir='ltr'>fuit,</span> <span class='ocrx_word' id='word_1_313' title='bbox 177 4483 217 4541; x_wconf 92' lang='lat' dir='ltr'><strong>ut</strong></span> <span class='ocrx_word' id='word_1_314' title='bbox 237 4476 307 4558; x_wconf 92' lang='lat' dir='ltr'>ipse</span> <span class='ocrx_word' id='word_1_315' title='bbox 328 4474 497 4560; x_wconf 84' lang='lat' dir='ltr'>eleganter</span> <span class='ocrx_word' id='word_1_316' title='bbox 518 4475 605 4541; x_wconf 86' lang='lat' dir='ltr'>dicit.</span> <span class='ocrx_word' id='word_1_317' title='bbox 1148 4490 1150 4495; x_wconf 84' lang='lat'>·</span> 
     </span>
    </p>

    <p class='ocr_par' dir='ltr' id='par_1_12' title="bbox 81 4559 1331 4743">
     <span class='ocr_line' id='line_1_43' title="bbox 169 4559 1313 4648; baseline 0.004 -21"><span class='ocrx_word' id='word_1_318' title='bbox 169 4562 313 4629; x_wconf 73' lang='grc'><strong>1661666</strong></span> <span class='ocrx_word' id='word_1_319' title='bbox 340 4562 449 4646; x_wconf 92' lang='lat' dir='ltr'>ipsum</span> <span class='ocrx_word' id='word_1_320' title='bbox 470 4583 537 4627; x_wconf 92' lang='lat' dir='ltr'><strong>non</strong></span> <span class='ocrx_word' id='word_1_321' title='bbox 559 4559 752 4646; x_wconf 89' lang='lat' dir='ltr'>simpliciter</span> <span class='ocrx_word' id='word_1_322' title='bbox 771 4584 813 4630; x_wconf 80' lang='lat' dir='ltr'>ex</span> <span class='ocrx_word' id='word_1_323' title='bbox 835 4562 944 4648; x_wconf 90' lang='lat' dir='ltr'>aliqua</span> <span class='ocrx_word' id='word_1_324' title='bbox 965 4560 1145 4647; x_wconf 89' lang='lat' dir='ltr'>antiquiore</span> <span class='ocrx_word' id='word_1_325' title='bbox 1167 4559 1313 4634; x_wconf 83' lang='lat' dir='ltr'>editione</span> 
     </span>
     <span class='ocr_line' id='line_1_44' title="bbox 81 4645 1331 4743; baseline 0 -27"><span class='ocrx_word' id='word_1_326' title='bbox 81 4647 266 4743; x_wconf 62' lang='lat' dir='ltr'>descripsit</span> <span class='ocrx_word' id='word_1_327' title='bbox 311 4645 469 4733; x_wconf 82' lang='lat' dir='ltr'>Sequitur</span> <span class='ocrx_word' id='word_1_328' title='bbox 497 4648 628 4733; x_wconf 91' lang='lat' dir='ltr'>quidem</span> <span class='ocrx_word' id='word_1_329' title='bbox 656 4650 694 4714; x_wconf 90' lang='lat' dir='ltr'>in</span> <span class='ocrx_word' id='word_1_330' title='bbox 720 4652 916 4719; x_wconf 88' lang='lat' dir='ltr'>universum</span> <span class='ocrx_word' id='word_1_331' title='bbox 941 4652 1078 4718; x_wconf 86' lang='lat' dir='ltr'>Benana</span> <span class='ocrx_word' id='word_1_332' title='bbox 1105 4651 1331 4737; x_wconf 67' lang='lat' dir='ltr'>exemplaria,</span> 
     </span>
    </p>
   </div>
   <div class='ocr_carea' id='block_1_8' title="bbox 0 0 1504 5024">
    <p class='ocr_par' dir='ltr' id='par_1_13' title="bbox 0 0 1504 5024">
     <span class='ocr_line' id='line_1_45' title="bbox 0 0 1504 5024; baseline 0 0"><span class='ocrx_word' id='word_1_333' title='bbox 0 0 1504 5024; x_wconf 95' lang='lat' dir='ltr'><strong> </strong></span> 
     </span>
    </p>
   </div>
  </div>
 </body>
</html>
