3000 5024
643 1385 760 1443 CAPUT
777 1386 879 1442 XXIV.

181 1559 545 1658 EDITIONES
572 1560 834 1657 ΜΙΧΤΑΕ
860 1538 1337 1658 RECENTIORES.

224 1864 280 1932 Ad
305 1865 367 1933 hoo
395 1864 548 1931 ultimum
578 1871 677 1948 eaput
704 1866 902 1932 reeensionis
928 1887 1021 1932 meae
1051 1866 1232 1932 editionum
1260 1873 1373 1933 textus

135 1953 176 2021 N.
200 1953 238 2019 Τ.
262 1953 370 2037 graeei
392 1973 447 2018 eas
469 1953 585 2031 refero,
608 1972 745 2034 quarum
768 1960 898 2018 autores
925 1953 979 2018 vol
1001 1959 1133 2018 nostrae
1163 1953 1279 2019 aetatis
1309 1952 1373 2018 ori·

134 2040 220 2106 tieos
237 2037 490 2105 Laehmannum
502 2035 849 2121 Tiseheudorfiumque
867 2038 1011 2104 maxime
1031 2039 1159 2120 sequuti
1178 2059 1244 2102 non
1262 2045 1373 2103 tamen

134 2125 290 2192 manibus
317 2132 350 2190 et
376 2124 515 2207 pedibus
541 2125 575 2188 in
603 2143 717 2187 eorum
745 2131 855 2206 partes
883 2126 1012 2204 abeunt,
1040 2124 1097 2190 sed
1126 2124 1204 2190 hine
1233 2124 1373 2190 indeed

134 2210 336 2294 antiquiores
357 2211 459 2276 libros
481 2231 550 2273 rem
569 2229 661 2274 suam
684 2209 833 2293 exigunt,
856 2210 910 2275 vel
938 2212 990 2275 his
1012 2210 1249 2293 utplurimum
1273 2209 1374 2274 adsti-

132 2296 289 2381 pnlantes
308 2296 415 2363 rarius
431 2295 627 2362 recentiores
649 2294 723 2360 illos
744 2296 944 2382 ooryphaeos
961 2295 1024 2362 sibi
1042 2295 1141 2364 duees
1161 2295 1366 2362 eonstituunt

411 2554 426 2637 q
451 2558 476 2616 1.
522 2552 775 2620 rumonus
798 2554 1099 2622 usurarium.

285 2761 512 2825 1.·n11>s1An
529 2765 662 2821 amaus
679 2767 782 2822 naon.
804 2766 954 2820 ruentes
973 2768 1032 2838 aa.
1060 2762 1149 2826 1842.
1176 2763 1224 2825 rt.

319 2849 337 2886 ⁴·
358 2849 512 2924 unsrun
532 2853 664 2908 amena
684 2853 787 2909 neat.
810 2853 960 2908 ramanae
973 2854 1033 2924 aa.
1061 2851 1150 2911 1844.
1177 2849 1226 2917 re,

362 2986 382 3026 ⁴*
402 2983 464 3048 Ed.
487 2984 591 3050 altera
615 2987 705 3049 1848.
794 2988 813 3026 i
833 2982 895 3048 Ed.
919 2983 1017 3047 tertia
1042 2985 1133 3048 1850.

361 3073 381 3112 ὓ
400 3069 462 3134 Ed.
485 3077 602 3153 quarta
627 3072 716 3136 1852.
789 3074 808 3112 ὓ
830 3069 892 3135 Ed.
915 3069 1031 3152 quinta
1056 3071 1145 3132 1854.

361 3158 381 3198 θ
400 3155 463 3221 Ed.
486 3163 582 3223 sexta
607 3160 696 3222 1856.
790 3160 809 3199 l
829 3153 891 3221 ad.
916 3154 1057 3238 septima
1082 3157 1171 3218 1858.

361 3245 380 3283 ³*
401 3240 463 3305 Ed.
485 3248 600 3308 oetava
624 3246 714 3308 1865.

145 3370 149 3377 -
219 3325 332 3392 Editio
353 3332 539 3413 stereotypa
567 3349 629 3393 usu
657 3329 691 3393 in
715 3328 897 3396 Germania
926 3324 1108 3405 tritissima,
1137 3323 1231 3389 euius
1258 3323 1371 3408 plures

132 3412 222 3478 tituli
250 3412 290 3478 ad
323 3433 377 3477 me
406 3433 472 3478 non
505 3421 735 3497 pervenerunt.
787 3414 894 3495 Quem
926 3413 1071 3496 primum
1103 3410 1209 3495 posui,
1242 3411 1270 3476 is
1302 3433 1371 3476 non

132 3499 303 3583 integrum
323 3499 364 3563 N.
388 3499 424 3563 Τ.
448 3499 592 3579 exhibet,
621 3499 678 3564 sed
707 3499 776 3566 sola
798 3500 980 3583 evangelia,
1003 3497 1146 3581 adeoque
1168 3497 1230 3580 ipsi
1254 3497 1371 3562 editori

132 3585 168 3648 in
202 3604 338 3650 aeneum
371 3605 438 3649 non
476 3585 568 3651 venit
600 3584 721 3668 quippe
753 3587 808 3669 qui
842 3605 940 3668 opere
974 3583 1123 3649 nondum
1154 3581 1302 3648 absoluto
1335 3584 1371 3649 in

132 3669 301 3755 publieum
323 3669 454 3754 prodire
475 3671 585 3738 iussus
606 3671 722 3738 iuerat.

220 3756 330 3841 Atque
352 3776 431 3824 sane
452 3757 559 3822 nitida
587 3764 637 3823 est
657 3758 739 3824 haee
767 3755 866 3822 editio
886 3762 921 3833 ot
943 3754 1072 3835 habilis,
1103 3755 1201 3822 etiam
1231 3775 1250 3820 a
1272 3754 1371 3840 pretii

132 3841 314 3927 exiguitate
347 3842 616 3910 commendanda.
672 3844 734 3909 Vir
755 3843 872 3908 doetus
893 3841 948 3924 qui
977 3842 1009 3905 ei
1037 3860 1172 3924 operam
1194 3862 1288 3906 suam
1310 3862 1370 3910 na—

130 3928 237 4004 vavit,
277 3928 352 3995 Oar.
391 3929 525 3996 Godofr.
560 3930 658 3996 Guila
685 3930 810 4007 Theile,
842 3929 1006 4012 professor
1037 3949 1145 4010 nuper
1176 3928 1370 4009 Lipsiensis,

129 4013 320 4082 scholarum
352 4015 428 4080 usui
455 4036 528 4082 eam
556 4015 741 4083 destinavit.
792 4015 941 4098 Quarum
969 4014 1147 4080 eommodis
1179 4012 1368 4079 inserviisse

130 4099 193 4167 sibi
222 4099 316 4173 visus
332 4109 395 4166 'est
422 4101 526 4166 forma
558 4101 634 4167 libri
667 4103 802 4181 minore,
835 4122 993 4167 versuum
1021 4099 1234 4183 separatione,
1269 4120 1368 4183 argu-

127 4185 252 4253 mentis
281 4186 426 4269 eapitum
458 4188 622 4270 appositis,
656 4188 735 4269 loeis
767 4185 932 4271 parallelis
959 4187 1049 4252 intra
1076 4186 1170 4252 binas
1198 4184 1368 4251 columnas

95 4354 96 4357 Ἴ
130 4272 308 4352 annotatis,
332 4274 521 4338 tumetium
550 4272 675 4340 duobus
703 4272 876 4352 indioibus,
904 4270 984 4337 ealei
1010 4270 1175 4337 volumnis
1202 4268 1367 4351 subiectis,

130 4358 236 4424 altero
265 4358 433 4425 varietatis
464 4359 613 4426 leotionis
641 4366 799 4442 receptae,
825 4357 1111 4438 Griesbaohianae,
1139 4357 1367 4440 Knappianae‚

131 4443 357 4528 Seholnianae,
374 4445 676 4527 Lachmannianae,
698 4443 1015 4525 Tischendorfianae,
1032 4444 1240 4522 Hahnianae,
1263 4442 1367 4508 altero

129 4531 279 4602 locorum
299 4531 340 4600 V.
365 4532 401 4598 Τ.
424 4531 461 4597 in
489 4553 574 4602 novo
601 4532 820 4615 laudatorum,
844 4530 984 4619 denique
1011 4530 1198 4616 praemisso⁴
1219 4528 1298 4597 inde
1325 4527 1367 4597 ab
