3000 5024
607 141 891 218 anaunensium.
1322 167 1360 229 1³

130 335 228 397 esset
257 328 435 397 anterum
455 329 485 396 si
506 330 581 415 quis
598 331 697 398 Milhi
713 331 907 399 methodum
928 331 1023 399 unice
1040 332 1242 417 sequendam
1262 334 1360 401 aecti-

129 417 273 484 maverit
293 417 323 483 is
345 417 397 484 vel
417 438 682 502 unamquamque
704 419 880 485 editionem
902 439 978 485 cum
995 421 1132 486 caeteris
1152 421 1303 487 omnibus
1323 440 1362 487 ac

129 502 271 588 singulis
292 504 440 570 conferre
458 503 590 571 deberet
611 505 664 572 vel
685 505 802 571 saltem
824 512 959 573 cunctas
980 527 1056 572 cum
1072 529 1140 572 una
1162 506 1270 590 aliqua
1291 506 1363 594 (sed

129 610 275 674 quanam
288 590 438 675 quaesol)
462 590 618 675 adquam
640 613 699 658 ceu
717 591 759 657 ad
777 612 869 658 suam
891 614 1042 658 normam
1063 594 1204 676 reliquas
1215 594 1361 659 referret.

127 675 203 741 Iam
225 697 325 759 quum
347 676 444 743 hodie
465 677 501 741 in
522 678 620 743 rebus
641 699 730 744 mere
748 678 1018 762 orthographicis,
1039 680 1075 744 in
1095 679 1308 764 diphthongis
1330 686 1364 745 et

128 763 325 848 augmentis,
348 764 384 828 in
405 763 509 828 literis
530 763 757 850 ephelcysticis
780 774 812 830 et
833 767 1028 848 apocopatis,
1050 765 1084 830 in
1108 766 1221 832 ordine
1247 767 1362 833 verbo·

128 869 205 914 rum
221 848 450 915 constituendo
471 849 608 932 aliisque
623 848 846 917 huiuscemodi
864 851 1016 935 plurimis
1034 853 1091 918 vix
1108 873 1212 917 unum
1234 859 1293 918 aut
1314 851 1362 917 al·

130 941 240 1000 terum
262 935 458 1002 vocabulum
480 935 534 1002 vel
556 936 637 1002 adeo
659 938 783 1020 apicem
812 938 955 1020 aliquem
982 939 1144 1005 intactum
1172 938 1364 1022 reliquerint

130 1021 235 1087 critici
257 1042 391 1088 suorum
414 1022 593 1088 uncialium
616 1023 764 1089 codicum
786 1023 1009 1105 admiratores,
1032 1032 1172 1107 quantas
1198 1024 1362 1110 ambages,

129 1107 433 1259 eheu,1quantaque
455 1107 563 1174 taedia
583 1109 804 1176 infelicissimo
825 1109 991 1198 paxpolo‘yqr
1014 1111 1097 1177 tales
1114 1111 1289 1197 gignerent
1309 1131 1363 1178 co·

130 1200 229 1260 natus

131 1308 134 1317 ·
216 1280 327 1346 Aliam
348 1280 455 1366 [igitur
475 1280 638 1365 planeque
665 1302 787 1347 novam
809 1281 898 1349 viam
918 1283 1087 1368 ingressus
1110 1304 1184 1350 sum
1212 1303 1276 1368 qua
1304 1303 1363 1349 ex-

128 1365 273 1451 peditius
289 1367 387 1433 simul
399 1373 433 1433 et
450 1368 553 1434 tutius
570 1387 704 1451 scopum
720 1368 867 1454 attigisse
885 1369 970 1434 mihi
981 1369 1102 1437 videor.
1132 1371 1187 1435 Ex
1203 1371 1364 1437 immensa

127 1452 189 1518 illa
214 1455 416 1521 variantium
448 1454 626 1520 lectionum
658 1456 750 1538 copia
782 1464 815 1520 et
846 1456 1020 1541 farragine,
1055 1476 1135 1539 quas
1162 1477 1230 1522 non
1262 1456 1364 1522 libros

128 1560 231 1606 manu
253 1542 390 1625 scriptos
407 1540 493 1607 solos
515 1540 573 1606 sed
594 1541 682 1625 ipsos
700 1561 827 1625 quoque
849 1542 939 1625 typis
957 1542 1063 1607 editos
1080 1542 1235 1609 exhibere
1252 1542 1363 1610 obser·

127 1647 294 1708 vaveram,
317 1627 418 1712 selegi
431 1637 549 1693 MIHAE
570 1648 650 1711 prae
672 1629 807 1693 caeteris
827 1628 974 1712 insignes
993 1637 1026 1694 et
1044 1629 1271 1696 memorabiles
1293 1649 1363 1696 eas·

129 1735 194 1798 que
209 1715 295 1780 solas
317 1713 374 1779 sed
396 1735 499 1797 usque
517 1734 631 1788 omnes
649 1713 683 1802 in
701 1735 898 1797 unaquaque
916 1713 1058 1780 editione
1076 1715 1267 1799 conquisivi,
1286 1736 1362 1782 con·

129 1800 332 1884 quisitasque
360 1800 482 1866 notavi.
526 1800 692 1865 Numerus
713 1798 770 1866 ille
798 1801 904 1866 maior
933 1809 1004 1866 erat
1031 1823 1131 1884 quam
1153 1822 1217 1886 quo
1243 1802 1363 1884 ubique

128 1894 281 1953 accurate
309 1893 484 1952 retractato
506 1887 673 1970 graviores
703 1885 941 1970 discrepantiae
969 1909 1022 1952 me
1044 1889 1158 1971 fugere
1185 1889 1362 1971 potuerint,

128 1974 240 2039 minor
262 1994 359 2056 quam
389 1973 445 2056 qui
467 1973 597 2056 saepius
619 1973 777 2056 repetitus
804 1994 961 2039 nauseam
988 1982 1146 2039 moveret.
1191 1976 1301 2058 Atque
1326 1974 1363 2038 in

129 2057 312 2145 deligendis
333 2059 538 2125 variantibus
561 2080 617 2124 eas
639 2060 844 2143 potissimum
866 2061 995 2143 respexi
1015 2080 1097 2142 quae
1118 2061 1229 2143 ipsum
1251 2066 1363 2126 textus

130 2166 264 2212 sensum
293 2146 422 2211 afficere
450 2145 663 2224 videbantur,
697 2145 752 2212 vel
781 2145 891 2211 addita
920 2146 974 2214 vel
1003 2145 1135 2238 dempta
1162 2146 1215 2213 vel
1247 2147 1364 2229 quovis

128 2230 227 2298 modo
248 2239 376 2298 mutata
398 2233 507 2316 aliqua
528 2233 711 2297 sententiae
733 2240 841 2315 parte,
871 2237 943 2297 tum
967 2253 1021 2298 eas
1045 2253 1126 2316 quae
1149 2233 1185 2297 in
1211 2231 1363 2316 disquisi-

130 2317 276 2384 tionibus
305 2319 427 2386 criticis
456 2325 514 2384 aut
539 2318 731 2402 theologicis
759 2318 881 2384 famam
911 2317 1126 2384 obtinuerunt
1152 2339 1279 2403 quaeve
1308 2316 1365 2385 vel

130 2425 173 2471 ex
195 2426 272 2472 casu
299 2405 440 2488 quodam
468 2405 626 2471 oriundae
654 2413 766 2471 tammr
788 2405 887 2470 latius
916 2413 1114 2489 propagatae
1142 2413 1237 2471 erant
1262 2424 1363 2488 eoque

129 2493 264 2557 nomine
285 2492 394 2557 minus
416 2490 628 2576 spernendae.
672 2490 854 2557 Posthabui
876 2512 930 2556 eas
952 2512 1034 2574 quae
1055 2492 1166 2557 minus
1194 2513 1247 2558 res
1273 2492 1363 2575 ipsas

129 2597 230 2661 quam
247 2599 358 2643 rerum
374 2579 496 2643 formas
514 2585 648 2662 tangere
671 2577 876 2644 videbantur.
906 2577 1082 2644 Deiectum
1099 2579 1208 2661 ipsum
1227 2579 1363 2644 fortasse

131 2664 218 2729 alius
245 2663 340 2730 aliter
365 2665 562 2729 instituisset
588 2686 694 2748 neque
720 2665 912 2731 necaverim
938 2664 974 2729 in
1002 2684 1140 2729 numero
1168 2665 1231 2731 iste
1257 2663 1361 2729 mille·

130 2750 226 2815 nario
247 2751 342 2834 plura
363 2749 595 2834 comprehendi
622 2772 706 2833 quae
728 2718 821 2816 salva
842 2771 941 2834 opera
968 2771 1042 2816 mea
1069 2750 1176 2816 omitti
1200 2756 1361 2835 poterant,

130 2838 172 2902 ab
195 2837 309 2903 eodem
330 2837 409 2903 talia
431 2836 543 2903 abesse
564 2836 683 2920 quibus
704 2837 838 2904 insertis
860 2845 893 2903 et
911 2857 1007 2922 scopo
1029 2858 1101 2902 meo
1123 2845 1156 2903 et
1177 2837 1242 2922 legi
1264 2856 1363 2921 quam

131 2923 215 2989 mihi
236 2924 350 3008 scripsi
372 2921 463 2988 haud
484 2924 595 2988 minus
617 2924 841 2990 satisfactum
863 2924 986 2990 fuisset
1030 2921 1099 2989 Sed
1126 2923 1165 2989 de
1192 2922 1244 2988 his
1273 2943 1362 2989 nune

131 3010 231 3074 anxie
253 3018 310 3075 aut
331 3010 491 3077 curiosius
512 3009 678 3094 inquirere
700 3030 980 3094 supervacaneum
1003 3017 1094 3074 ratus
1117 3009 1151 3074 id
1173 3030 1276 3074 unum
1304 3006 1362 3074 ad-

131 3097 265 3162 firmare
291 3097 395 3162 ausim
429 3095 590 3162 delectum
617 3096 710 3170 illum
738 3118 806 3161 non
833 3119 874 3161 ex
905 3096 1040 3161 oonsilio
1069 3095 1177 3178 aliquo
1204 3115 1361 3178 praecon-

131 3189 226 3266 cepto
247 3181 449 3268 pependisse,
472 3204 536 3265 quo
562 3182 596 3246 id
618 3184 742 3267 egerim
764 3191 801 3247 ut
821 3183 978 3248 maiorem
1006 3190 1064 3246 aut
1086 3181 1248 3246 minorem
1275 3181 1363 3246 inter

132 3267 217 3333 duas
238 3290 448 3353 quascunque
471 3269 651 3334 editionum
672 3268 813 3334 familias
836 3270 906 3335 sive
928 3267 1203 3334 necessitudinem
1222 3268 1291 3334 sive
1313 3266 1362 3332 di·

130 3355 323 3423 versitatem
340 3355 542 3422 intercedere
560 3355 827 3421 demonstrarem.
863 3354 991 3421 Seriem
1009 3354 1153 3419 locorum
1171 3355 1206 3419 in
1224 3353 1363 3439 singulis

130 3440 330 3507 editionibus
352 3440 620 3508 conferendorum
638 3441 791 3525 deinceps
814 3463 880 3506 non
903 3441 1043 3524 amplius
1065 3439 1259 3507 mutandam
1281 3439 1363 3505 mihi

130 3528 287 3613 proposui
308 3537 483 3612 antequam
504 3529 612 3612 ipsum
634 3528 815 3595 collationis
837 3549 919 3612 opus
941 3526 1145 3612 adgrederer.

218 3615 294 3698 Ipse
326 3637 404 3682 vero
438 3615 643 3680 millenarius
674 3636 832 3681 numerus
864 3635 923 3699 pro
955 3613 1112 3680 hodierno
1151 3613 1363 3697 computandi

129 3721 223 3766 more
244 3700 306 3767 hoc
318 3700 390 3768 'siti
411 3702 511 3767 habet
527 3702 690 3784 peculiare
707 3701 858 3785 idemque
880 3701 930 3767 rei
947 3700 1302 3778 convenientissimum,
1324 3706 1363 3765 ut

129 3787 237 3871 primo
255 3787 323 3854 fere
340 3789 458 3854 obtutu
480 3809 564 3872 qnae
584 3789 671 3853 inter
692 3787 774 3853 duos
795 3793 906 3855 textus
927 3788 1070 3860 rationes
1093 3786 1261 3853 obtineant
1281 3786 1363 3851 luci-

131 3873 206 3940 dius
227 3874 327 3939 etiam
350 3895 448 3957 quam
470 3875 573 3940 maior
602 3873 718 3957 aliquis
746 3872 861 3941 docere
887 3875 998 3958 possit.
1051 3871 1090 3940 Si
1119 3873 1191 3956 quis
1218 3872 1364 3938 Millium

130 3967 299 4027 auctorem
331 3969 487 4044 sequutus
516 3961 647 4027 Erasmi
679 3961 858 4027 secundam
888 3960 1063 4026 editionem
1095 3981 1115 4024 a
1144 3959 1252 4042 prima
1283 3959 1365 4026 locis

129 4046 390 4132 quadringentis,
412 4048 575 4114 tertiama
595 4047 739 4114 secunda
758 4047 836 4114 locis
859 4055 992 4114 centum
1009 4053 1043 4111 et
1065 4045 1289 4130 duodeviginti
1311 4067 1363 4112 re·

129 4133 247 4200 cedere
269 4134 396 4218 legerit,
415 4142 567 4218 quartam
584 4156 661 4201 vero
683 4133 762 4200 locis
785 4141 917 4201 centum
936 4141 969 4199 ot
986 4155 1046 4199 sex
1064 4140 1234 4210 mutatam,
1256 4153 1364 4198 nonne

129 4220 168 4286 in
190 4218 275 4286 hanc
297 4221 482 4304 opinionem
506 4220 633 4287 decidet
654 4222 746 4303 quasi
768 4243 889 4288 novum
912 4219 1050 4287 subinde
1077 4240 1158 4305 opus
1180 4218 1287 4283 editor
1307 4217 1364 4283 ille

128 4306 310 4390 primarius
332 4309 505 4392 paraverit,
528 4307 585 4374 sed
607 4307 723 4372 ultima
744 4308 815 4373 vice
836 4309 872 4373 in
893 4306 1101 4393 paucioribus
1129 4302 1363 4370 emendationi-

128 4394 194 4461 bus
221 4393 427 4460 substiterit?
461 4395 534 4479 Ego
565 4393 665 4460 nullis
694 4393 900 4462 variantibus
926 4393 991 4460 nisi
1019 4415 1101 4477 quae
1128 4397 1258 4457 textum
1286 4411 1363 4458 vere

128 4487 302 4547 mutarent
320 4481 451 4562 notatis,
472 4481 509 4546 in
532 4480 622 4546 mille
641 4480 713 4546 istis
734 4480 813 4547 locis
834 4480 1012 4548 secundam
1032 4501 1099 4544 non
1120 4477 1184 4543 nisi
1205 4477 1305 4543 vicies
1331 4482 1366 4542 et

130 4569 268 4653 septies,
297 4568 428 4636 tertiam
451 4566 557 4634 decies
584 4574 618 4633 et
643 4567 833 4650 quinquies,
861 4573 1013 4652 quartam
1034 4566 1133 4633 vicies
1154 4570 1188 4630 et
1207 4564 1322 4634 novies
1345 4583 1365 4628 a
