3000 5024
71 218 96 270 n
447 214 643 273 ecmonus
661 214 905 273 meramors.
1236 222 1295 284 221

69 388 193 457 bibliois
215 388 331 455 doctus
353 388 481 456 sobrius
501 387 647 473 prudens
669 395 703 454 et
724 388 856 473 scriptis
882 397 916 455 et
941 389 1134 459 lectionibus
1160 389 1300 474 publicis

69 475 182 543 clarus.
219 474 405 543 Oonsilium
426 476 458 543 ei
478 475 540 541 fuit
560 474 683 541 librum
704 476 892 542 manualem
913 477 948 543 in
966 496 1062 543 usum
1080 476 1301 557 studiosorum

68 561 170 643 edere,
194 561 252 646 qui
274 561 355 628 clim
377 584 420 628 ex
440 561 725 647 orphanotropheo
743 561 838 629 editis
857 562 1012 630 substitui
1030 571 1148 647 posset.
1182 563 1300 650 Itaque

68 654 243 733 apparatus
271 648 377 714 critici
405 668 573 733 operosam
604 648 723 713 molem
753 649 904 715 exsulare
931 650 1040 729 iussit,
1071 649 1242 734 adscriptis
1264 651 1299 715 in

67 733 445 886 nargineflffincicribus
467 734 684 813 variantibus,
712 736 778 799 imo
800 737 1013 818 paucissimis,
1040 737 1197 802 maiorem
1220 757 1299 804 vero

68 842 177 888 curam
269 821 352 887 'buit
372 819 584 905 corrigendae
605 820 866 905 interpunctioni
889 832 922 887 et
944 821 1194 906 orthographiae
1217 844 1299 906 quas

68 928 114 974 res
133 906 237 992 vulgo
256 905 299 972 ab
320 905 499 975 editoribus
521 906 685 991 neglectas
712 908 749 971 in
776 907 981 974 commodum
1008 908 1226 992 interpretum
1248 919 1298 974 at-

69 994 188 1095 tentius
210 993 373 1094 respicere
394 993 508 1094 voluit.
536 992 667 1092 Uncini,
690 991 730 1059 de
752 994 871 1079 quibus
893 993 1131 1079 supradictum
1150 1002 1209 1074 est,
1231 1016 1298 1095 non

68 1076 923 1253 lltrltlttlla{titillaret}
944 1082 1299 1253 {libb-ltili?

69 1250 103 1316 ln
125 1251 216 1318 calce
237 1250 313 1317 libri
341 1251 472 1317 additur
500 1271 654 1317 recensus
681 1251 823 1318 locorum
846 1254 887 1317 V.
912 1254 948 1319 Τ.
978 1254 1012 1318 in
1035 1253 1130 1320 Novo
1157 1274 1299 1321 comme·

69 1342 278 1418 moratorum,
308 1338 413 1403 multa
438 1336 537 1403 dubia
568 1337 757 1405 immiscens
778 1338 946 1423 multoque
975 1338 1169 1423 locupletior
1200 1360 1298 1425 quarn

69 1445 159 1508 quem
182 1424 384 1507 antiquiores
405 1423 481 1488 libri
504 1423 696 1508 plerumque
719 1423 925 1491 exhibebant.

146 1511 190 1575 In
213 1510 271 1575 tali
291 1518 402 1576 textus
424 1510 648 1593 recognitione
665 1511 809 1595 singulas
828 1511 982 1577 lectiones
999 1511 1033 1576 in
1051 1512 1170 1596 quibus
1188 1519 1299 1578 noster

68 1615 82 1660 a
101 1596 251 1664 fontibus
272 1597 342 1662 suis
363 1594 500 1662 discedit
523 1617 717 1663 enumerare
740 1598 837 1663 nimis
855 1599 1018 1664 curiosum
1036 1599 1127 1679 foret,
1150 1605 1297 1664 attamen

67 1681 96 1748 in
128 1682 288 1767 catalogis
318 1703 418 1767 supra
447 1681 531 1748 datis
559 1689 593 1748 et
620 1683 681 1748 has
710 1682 872 1749 adnotavi.
918 1682 1012 1751 Scias
1039 1684 1233 1770 Knappium
1261 1686 1297 1751 in

66 1767 121 1837 hac
150 1769 294 1836 editione
326 1774 385 1831 813
414 1769 494 1834 locis
521 1789 595 1834 oum
617 1769 825 1835 Griesbaebii
853 1771 996 1835 secunda
1025 1771 1145 1851 facere,
1176 1771 1297 1838 sireis

64 1857 235 1943 vulgarem
261 1862 392 1921 textum
418 1865 588 1939 sequatur,
618 1857 690 1922 sive
719 1857 857 1922 eundem
887 1857 1025 1923 deserat.
1076 1856 1119 1922 In
1150 1862 1188 1919 65
1217 1857 1296 1925 locis

59 1941 235 2027 repudiata
256 1940 462 2009 Griesbacbii
488 1942 626 2008 lectione
652 1943 693 2007 ad
716 1942 885 2010 Elaeviros
907 1943 1044 2023 transit;
1078 1943 1114 2008 in
1140 1947 1200 2007 110
1222 1943 1296 2010 aliis

57 2028 161 2097 rerba
183 2050 205 2095 a
226 2028 441 2094 Griesbachio
464 2036 628 2110 expuncta
649 2030 743 2096 uncis
765 2027 913 2108 includit,
936 2027 1131 2113 quadragies
1149 2035 1183 2094 et
1200 2031 1295 2113 quin·

52 2134 153 2269 pproes
173 2113 387 2197 simplicibus,
410 2114 561 2197 sexagies
583 2122 615 2179 et
637 2115 811 2200 quinquies
829 2114 1022 2197 duplicibus.
1056 2115 1199 2181 Restant
1217 2116 1296 2182 duo·

114 2200 168 2267 im
188 2199 252 2267 loci
274 2220 415 2284 quorum
444 2201 527 2264 ratio
555 2199 619 2264 alia
648 2207 707 2267 est
752 2200 877 2283 Quater
904 2201 994 2267 enim
1020 2210 1170 2285 suspecta
1195 2201 1296 2268 habet

53 2294 90 2355 ct
111 2286 213 2354 uncis
233 2285 373 2353 includit
394 2284 495 2353 verba
516 2305 598 2371 quae
620 2286 855 2354 Griesbachius
877 2288 1022 2354 servavit
1043 2288 1163 2353 Matth.
1192 2292 1239 2368 10,
1264 2292 1293 2355 8.

48 2370 102 2443 Io.
132 2377 163 2453 a,
187 2377 216 2439 a.
242 2376 290 2438 10.
314 2373 387 2439 Aet
411 2375 460 2450 aa,
487 2376 533 2436 15.
564 2372 617 2452 (Α.
643 2376 692 2438 24.
716 2375 754 2439 P.
780 2377 849 2440 seo.
877 2375 913 2440 z.
938 2376 987 2438 ao.
1017 2376 1090 2454 rac)
1118 2374 1295 2458 inquibus

50 2459 215 2528 omnibus
242 2458 371 2525 Macius
403 2456 553 2542 exemplo
586 2460 780 2542 praeiverat.
832 2457 962 2544 Septies
988 2459 1161 2527 lectionem
1190 2460 1295 2526 textui

45 2544 180 2614 inserit
196 2543 442 2613 aGriesbachio
460 2543 653 2628 neglectam,
672 2567 692 2610 a
710 2546 846 2630 vulgata
863 2547 1013 2626 alienam,
1036 2546 1092 2613 sed
1111 2546 1165 2614 vel
1176 2546 1294 2627 Macio,

45 2632 113 2699 vel
136 2630 286 2709 Wellsio,
308 2630 362 2699 vel
383 2630 542 2714 Bcngelio
564 2630 793 2697 Wetsteniove
814 2633 986 2716 probatam
1008 2633 1070 2717 (Io.
1097 2636 1144 2712 10,
1168 2636 1196 2697 8.
1221 2634 1294 2701 Act.

45 2722 88 2799 5,
113 2720 165 2784 36.
188 2718 285 2784 Rom.
310 2719 338 2796 t,
362 2723 391 2782 e.
416 2717 480 2781 [lit.
508 2722 533 2795 1,
556 2719 585 2781 4.
616 2717 755 2784 Philem.
782 2723 809 2783 7.
832 2718 904 2784 Iud.
929 2722 977 2783 25.
1001 2719 1102 2802 Apoc.
1127 2721 1155 2799 6,
1181 2725 1229 2784 ll.
1252 2757 1295 2768 -

41 2803 138 2873 vido
157 2803 200 2871 U.
226 2808 275 2868 17.
295 2803 327 2871 J.
353 2805 424 2867 arr.
447 2802 492 2868 Y.
516 2806 565 2867 54.
587 2806 624 2868 r.
649 2810 676 2869 a
701 2805 735 2870 A.
762 2811 788 2871 3.
812 2808 852 2869 Λ.
877 2810 925 2869 ss.
951 2805 990 2869 e.
1018 2803 1102 2890 rso).

146 2888 307 2975 Superest
335 2889 435 2955 unica
465 2887 562 2954 lectio
594 2910 692 2974 quam
717 2890 950 2975 Knappianam
983 2888 1090 2958 dicere
1122 2891 1295 2973 poteris'a

46 2976 194 3043 nemine
216 2981 314 3043 antea
336 2995 540 3058 expressam:

286 3062 321 3128 k.
344 3061 463 3127 Masta
488 3064 517 3141 8,
542 3063 591 3126 28.
615 3060 665 3146 (A.
692 3060 725 3147 1)
745 3064 922 3148 Γερασηνῶν
942 3062 983 3127 L.

162 3271 215 3330 Ἠ
257 3271 392 3330 HALAE
409 3282 436 3330 ct
452 3274 586 3342 Berola'm',
603 3290 617 3329 o
633 3273 758 3330 libram&
774 3275 1008 3348 crpbaactwpbci.
1042 3272 1132 3337 1813.
1162 3272 1190 3335 8.

143 3406 256 3475 Editio
277 3406 424 3491 Knappii
445 3406 588 3472 secunda
614 3427 702 3473 nova
722 3407 923 3491 praefatione
945 3414 1055 3490 aucta,
1084 3407 1175 3494 typis
1195 3407 1293 3491 paulo

53 3490 312 3595 elegantioribus
350 3513 519 3577 expressa,
561 3492 761 3559 variantium
793 3493 970 3560 lectionum
1002 3495 1095 3579 copia
1127 3495 1293 3579 aliquanto

54 3578 167 3649 ditor.
205 3578 249 3645 In
269 3586 365 3645 textu
382 3577 609 3646 constituendo
631 3579 696 3644 iam
718 3580 833 3646 maiori
856 3603 930 3647 cum
948 3581 1084 3648 audacia
1100 3602 1293 3666 progressus

54 3666 165 3735 editor
209 3667 332 3733 ressius
354 3664 562 3733 Griesbachii
584 3665 722 3748 vestigia
742 3666 831 3750 legit.
876 3665 1025 3748 Quocum
1053 3668 1132 3734 facit
1157 3669 1193 3733 in
1214 3668 1293 3737 locis

58 3756 135 3836 8563
238 3752 321 3821 viris
341 3750 440 3818 fidem
462 3757 573 3819 servat
594 3757 724 3816 tantum
745 3753 781 3815 in
804 3756 853 3831 43,
882 3773 982 3819 uncos
1004 3774 1080 3821 suos
1102 3752 1236 3820 adhibet
1256 3755 1293 3821 in

56 3840 137 3908 locis
161 3843 216 3921 84,
245 3838 348 3905 vicies
369 3847 403 3904 et
424 3845 541 3922 quater
563 3835 699 3904 dubium
720 3837 929 3919 haesitantis,
958 3841 1108 3926 sexagies
1136 3842 1292 3925 suspicio·

56 3948 134 3993 nem
157 3924 347 3992 damnantis
369 3925 600 4007 exprimentes.
636 3924 749 3991 Novae
771 3924 935 4006 lectiones,
959 3948 1076 4011 nempe
1095 3926 1137 3992 ab
1155 3935 1292 4011 utroque

55 4014 147 4081 fonte
169 4011 305 4092 alienae,
327 4009 449 4076 adsunt
466 4009 703 4093 septendecim;
726 4011 847 4076 Matth.
871 4016 918 4092 10,
938 4016 966 4077 8.
987 4013 1028 4078 ad
1040 4013 1292 4080 Griesbachium

56 4100 160 4181 redit,
192 4097 312 4164 Matth.
344 4102 378 4175 s,
409 4100 457 4162 aa.
489 4097 545 4180 (o.
570 4096 624 4180 45)
653 4096 694 4162 ad
717 4096 861 4180 compl,
894 4099 995 4181 Apoc.
1027 4102 1290 4180 a,e.eta,14.

58 4189 107 4265 (Γ.
133 4190 161 4250 8.
189 4191 242 4261 ll)
272 4183 313 4248 ad
333 4183 548 4267 Bcngelium,
585 4183 685 4265 Apoc.
722 4189 770 4263 10,
797 4189 827 4248 4.
857 4184 905 4262 (Δ.
931 4189 963 4262 6)
993 4187 1035 4251 ad
1056 4185 1289 4266 Wetstenium,

57 4272 211 4357 Apoco,
237 4275 264 4334 1.
292 4267 406 4334 scribit
433 4289 509 4336 cum
532 4268 590 4333 Gr.
620 4271 706 4355 ἔρχου
733 4273 783 4332 aet
812 4267 874 4350 ἰδέ,
902 4270 1113 4354 sequentibus
1143 4273 1290 4340 versibus

56 4379 137 4426 vero
164 4364 216 4423 ter
245 4355 437 4439 simpliciter
465 4357 552 4441 ἔρχου
580 4354 626 4432 (J.
655 4361 743 4435 141),
777 4362 906 4422 caetera
936 4356 1010 4424 vide
1043 4378 1150 4441 supra.
1196 4357 1290 4440 Quae

57 4444 168 4510 omnia
187 4463 257 4511 non
278 4441 348 4507 eius
368 4443 528 4508 momenti
547 4448 625 4506 sunt
647 4451 683 4506 ut
705 4463 828 4509 novam
844 4445 1065 4510 recensionem
1087 4442 1193 4510 dicere
1214 4466 1289 4528 pos·

58 4531 112 4597 sis.
156 4531 246 4597 Huic
273 4527 435 4594 secundae
462 4527 596 4593 editioni
623 4527 799 4613 Knappius
828 4527 952 4594 addidit
979 4529 1136 4616 Syllogen
1163 4531 1289 4598 coniec-

57 4624 211 4683 turarum
231 4614 362 4701 qualem
384 4614 463 4679 clim
485 4614 666 4699 Buwyerus
688 4622 908 4700 congesserat
