3000 5024
210 248 269 311 106
748 245 865 302 CAPUT
882 245 916 301 X.
1413 247 1442 302 x

291 417 383 485 Alibi
400 437 460 486 suo
480 423 587 482 marte
607 437 711 486 novas
733 425 766 484 et
786 417 952 485 inauditas
980 418 1078 506 fingit
1100 419 1265 500 lectiones,
1290 427 1443 504 praeser-

205 505 268 572 tim
289 527 343 572 eas
365 503 483 589 quibus
505 504 658 588 dogmata
679 504 862 590 theologica
882 505 1010 573 facilius
1031 509 1249 586 firmarentur,
1268 525 1351 589 quas
1367 512 1442 573 tex·

205 601 259 658 tus
292 591 545 659 adulterationes
577 589 802 658 fraudulentas
835 592 968 670 dixeris,
1009 593 1075 658 nisi
1107 614 1160 659 res
1191 592 1296 659 risum
1333 594 1443 677 potius

207 699 304 762 quam
327 679 426 744 bilem
447 686 602 743 moveret.
647 678 811 762 Exemplo
834 681 915 745 sint:
938 679 1058 745 Matth.
1084 682 1134 755 28,
1160 682 1213 745 18;
1236 676 1441 753 01201ςάυέ-

206 769 315 830 staini
330 789 368 846 με
392 763 406 827 ὁ
427 762 526 849 aazia
549 761 631 844 κάγώ
649 771 760 845 πέμπω
778 762 865 845 ipris.
910 765 947 832 O.
972 770 1001 846 9,
1026 769 1080 830 252
1103 763 1175 832 add.
1199 768 1249 829 καὶ
1271 769 1348 845 λέγει
1367 764 1442 852 αὐτῇ

204 849 316 915 saisiri
334 856 430 931 κοῦμι.
460 851 533 915 Act.
556 854 605 928 20,
631 853 679 914 28.
701 860 802 937 κυρίου
824 855 876 915 καὶ
897 852 973 916 θεοῦ
989 853 1042 916 τοῦ
1056 849 1150 932 Ἰησοῦ
1170 851 1313 936 Χριστοῦ.
1344 853 1441 918 Rom.

206 943 234 1018 4,
267 941 294 1002 5.
325 935 491 1002 πιστεύοντι
523 934 556 1001 δὲ
577 936 673 1016 μόνον.
729 943 755 1002 1.
784 938 858 1004 Gor.
891 942 940 1018 10,
970 943 1025 1004 l‘l:
1059 938 1131 1004 add.
1160 941 1212 1001 καὶ
1238 942 1271 1002 ἐκ
1298 939 1352 1000 τοῦ
1379 936 1443 1013 έυός

204 1030 352 1109 ποτηρίου.
406 1030 432 1089 1.
457 1023 539 1090 Tim.
568 1027 604 1102 4,
634 1029 659 1088 l.
694 1023 839 1106 πνεύματι
865 1024 986 1106 πλάνης,
1015 1023 1103 1108 quod
1129 1024 1218 1109 apud
1245 1024 1442 1091 Plautinum

204 1111 326 1176 vitium
347 1131 523 1196 operarum
549 1111 656 1176 fuerat
677 1109 732 1176 hic
753 1111 939 1193 putaverim
966 1111 1180 1194 theologastri
1207 1116 1441 1178 commentum.

209 1205 233 1262 1.
256 1196 346 1262 Petr.
378 1202 407 1276 3,
433 1202 487 1262 15:
517 1196 618 1304 scipsos
638 1193 689 1260 riv
710 1195 785 1261 θεὸν
806 1194 948 1283 Χριστὸν.
993 1202 1084 1277 (438)
1109 1204 1136 1263 1.
1165 1198 1212 1264 Ιο.
1243 1200 1273 1277 5,
1302 1200 1335 1263 6:
1365 1197 1441 1263 add.

205 1279 252 1346 ὅτι
273 1280 289 1346 o‘
311 1281 434 1368 χριστὸς
454 1286 567 1363 toalea
589 1281 729 1362 ἀλήθεια.
775 1283 897 1349 Matth.
926 1287 976 1364 27,
1001 1288 1029 1350 9.
1068 1285 1159 1367 (422)
1188 1286 1317 1369 ἱερεμίου
1345 1284 1441 1351 uncis

204 1369 374 1435 inclusum.
394 1380 398 1384 '
418 1370 484 1436 Iao.
509 1375 537 1449 3,
562 1374 604 1435 6.;
626 1367 746 1444 ἀδικίας
765 1365 829 1450 ὅλη.

154 1503 157 1508 ·
289 1471 384 1540 Duas
411 1473 577 1541 variantes
599 1473 730 1539 miscet:
764 1474 877 1557 Apoc.
895 1475 946 1554 22,
977 1476 1026 1539 21.
1056 1474 1103 1559 (J.
1134 1475 1210 1552 225)
1237 1473 1356 1538 πάντων
1380 1473 1441 1540 τῶν

184 1552 298 1639 ὀἶγίων
326 1558 418 1640 ὑμῶν.
465 1558 501 1624 0.
534 1563 589 1638 14,
619 1564 647 1629 5.
684 1560 729 1636 (J.
757 1560 832 1644 182)
861 1559 970 1645 ψεῦδος
996 1564 1047 1625 καὶ
1076 1559 1171 1634 δόλος.
1221 1559 1295 1627 Act.
1327 1563 1377 1641 25,
1409 1564 1437 1627 6.

205 1645 251 1726 (J.
278 1648 354 1730 101)
376 1652 496 1719 πλείους
512 1640 529 1724 ’ἢ
548 1641 623 1709 ὄκτω
643 1643 662 1724 ἢ
679 1644 759 1710 δέκα.
803 1647 899 1713 Rom.
922 1650 970 1728 12,
993 1653 1041 1713 11.
1060 1647 1114 1735 (U.
1136 1652 1169 1725 4)
1188 1654 1280 1734 κυρίῳ
1302 1646 1437 1735 (καιρῷ).

291 1751 433 1815 Textum
455 1770 572 1815 revera
594 1751 726 1815 sanavit
752 1748 927 1831 interdum,
955 1752 1107 1836 quamvis
1133 1757 1167 1816 et
1195 1757 1274 1816 tuno
1301 1771 1344 1816 ex
1371 1751 1441 1818 sola

204 1836 389 1902 coniectura
409 1835 522 1901 fecisse
545 1835 748 1914 crediderim,
770 1836 909 1903 lectione
931 1857 949 1902 0
971 1838 1120 1922 margine
1142 1843 1286 1920 arrepta:
1313 1842 1338 1902 1.
1360 1837 1437 1904 Oor.

205 1926 233 2001 9,
257 1924 306 1987 20.
330 1926 422 2001 (432)
445 1920 516 1987 add.
538 1920 579 2002 pr>
602 1916 646 1987 aiv
667 1919 759 1997 αὐτὰς
778 1920 835 1987 iad
864 1922 953 2004 νόμον
981 1922 1193 2010 (GK28L'P)
1215 1923 1302 2009 Eph.
1333 1927 1362 2004 4,
1388 1928 1437 1992 32.

203 2006 251 2093 (J.
279 2009 352 2094 109)
376 2006 393 2070 ὅ
413 2006 489 2082 θεὸς
510 2012 540 2072 ἐν
561 2010 624 2094 Χρ.
646 2012 729 2094 ἐχορ.
753 2007 821 2091 ἡμῖν
842 2009 939 2077 M²Ia

360 2271 413 2329 d*
456 2269 739 2330 NORIMBERGAE
752 2288 805 2347 per
826 2273 923 2329 Elium
940 2272 1097 2330 Ηυιιοκυιυ.
1133 2271 1223 2332 1602.
1252 2273 1281 2333 4.

396 2357 415 2397 1*
457 2357 746 2417 AMSTELODAMI
763 2380 808 2434 ap.
826 2363 868 2417 Ιο.
893 2360 1072 2418 Wolorlraer‘t.
1107 2358 1197 2422 1615.
1231 2359 1259 2421 4.

293 2507 405 2574 Editio
423 2508 561 2574 Hutteri
578 2508 721 2575 secunda
733 2508 982 2594 quadrilinguis,
999 2509 1154 2576 hebraica
1170 2508 1301 2590 scilicet,
1320 2529 1439 2595 graeca

204 2595 308 2661 latina
330 2594 518 2681 germanica
545 2616 587 2660 ex
613 2617 710 2678 opere
731 2596 855 2663 maiori.
900 2596 1019 2663 Versio
1039 2596 1192 2663 hebraica
1215 2597 1326 2680 ipsum
1346 2595 1437 2662 Hut·

204 2689 312 2748 terum
334 2688 500 2749 auctorem
522 2681 679 2766 agnoscit.
724 2684 849 2750 'sextus
870 2683 982 2767 paucis
1010 2683 1089 2749 locis
1110 2703 1130 2748 a
1151 2682 1260 2766 priore
1290 2688 1439 2750 mutatus

203 2768 380 2836 invenitur.
422 2769 453 2833 A
474 2767 689 2834 Plautiniana
709 2769 848 2836 lectione
870 2768 913 2834 ad
929 2769 1135 2836 Erasmicam
1157 2789 1182 2834 s.
1201 2767 1438 2853 Stephanicam

122 2925 125 2930 ,
203 2856 323 2922 transit
354 2855 528 2940 quinquies
562 2857 609 2932 (J.
644 2858 694 2920 80.
731 2860 799 2921 104.
837 2861 905 2921 101.
928 2854 1027 2942 Uss‘l),
1062 2855 1104 2920 ad
1135 2855 1302 2922 Baranam
1335 2856 1438 2923 semel

204 2941 261 3021 (Χ.
287 2941 360 3027 57);
382 2942 455 3008 vice
477 2960 574 3008 versa
595 2964 615 3008 a
636 2939 838 3025 Stephanica
856 2941 897 3006 ad
914 2942 1160 3008 Plautinianam
1176 2941 1276 3008 semel
1297 2942 1343 3020 (J.
1367 2947 1437 3020 90,

204 3027 244 3093 ab
265 3030 406 3112 utraque
429 3026 471 3093 ad
491 3033 638 3094 veterem
661 3026 929 3112 Complutensem
950 3035 1002 3093 ter
1024 3027 1079 3112 (A.
1104 3034 1132 3093 3.
1155 3028 1195 3094 Β.
1219 3031 1269 3093 29.
1287 3027 1344 3093 W.
1368 3031 1437 3109 20,

201 3114 283 3180 item
304 3115 401 3181 Rom.
429 3117 476 3195 12,
503 3120 549 3180 11.
573 3114 629 3179 ubi
651 3115 738 3198 quod
757 3115 793 3179 in
814 3113 1003 3199 parenthesi
1029 3114 1122 3198 prius
1146 3111 1316 3180 addiderat
1332 3116 1439 3202 ’καιρῷ

203 3200 298 3267 delet.
343 3201 496 3284 Denique
518 3201 665 3267 omnium
683 3201 791 3283 prima
813 3203 887 3267 Act.
911 3204 961 3281 25,
986 3204 1014 3265 6.
1032 3200 1078 3281 (J.
1104 3201 1178 3284 101)
1200 3199 1284 3285 legit
1300 3199 1334 3263 od
1350 3205 1438 3266 πλεί-

202 3310 253 3361 ους
287 3285 363 3351 3κτω
389 3282 409 3367 ἢ
436 3285 507 3350 δέκα
533 3309 609 3354 cum
638 3286 803 3355 GKSLu.
856 3285 1050 3372 Singulares
1075 3293 1109 3353 et
1142 3285 1331 3354 arbitrariae
1360 3286 1438 3354 illas

202 3373 358 3440 lectiones
380 3394 461 3458 quas
483 3394 525 3439 ex
546 3373 653 3457 priore
676 3371 820 3439 editione
841 3395 941 3458 supra
962 3373 1215 3441 commemoravi
1233 3392 1348 3440 omnes
1365 3393 1438 3440 ser·

203 3466 270 3526 vat.
315 3459 497 3542 Exemplar
518 3459 824 3527 Amstelodameuse
851 3459 980 3527 nullum
1000 3461 1110 3546 reperi
1137 3479 1275 3544 usquam
1303 3465 1438 3544 praeter

202 3567 323 3626 meum,
347 3546 534 3632 nuperrime
556 3545 784 3631 Stuttgardiae
805 3547 1019 3631 redemptum.
1064 3545 1170 3613 (iuius
1190 3566 1297 3615 novus
1319 3545 1438 3614 titulus

202 3655 278 3715 non,
300 3640 339 3699 ut
359 3632 461 3717 vulgo
482 3632 519 3697 in
540 3633 659 3700 talibus
681 3632 879 3700 editionibus
901 3634 974 3698 fieri
994 3634 1085 3714 solet,
1107 3632 1226 3717 prioris
1243 3637 1277 3699 et
1297 3633 1438 3700 authen·

202 3720 259 3785 tici
279 3719 387 3787 locum
409 3719 543 3800 obtinet,
573 3717 630 3786 sed
653 3720 844 3803 simpliciter
865 3719 1001 3805 glutinis
1030 3739 1091 3804 ope
1117 3717 1223 3786 eidem
1249 3720 1438 3804 superposi-

201 3815 256 3873 tus
278 3812 336 3887 est,
364 3808 413 3872 ita
438 3812 477 3871 ut
505 3805 634 3890 inipso
662 3807 768 3890 primo
796 3807 873 3873 folio
900 3827 995 3873 verso
1022 3812 1119 3873 vetus
1147 3811 1258 3872 textus
1286 3813 1438 3874 servatus

203 3900 368 3977 appareat.
412 3890 589 3958 Caeterum
610 3893 672 3958 hoo
701 3914 782 3976 opus
805 3893 931 3960 duobus
952 3893 1082 3977 proprie
1109 3892 1331 3960 voluminibus
1359 3913 1438 3960 con·

205 3986 280 4078 stat,
303 4000 447 4079 quorum·
463 3979 556 4078 prius
583 3979 852 4080 quinquetitulis
873 3987 912 4081 et·
928 3980 1100 4063 quinquies
1127 3978 1352 4082 redintegrata
1365 4000 1438 4081 ‚pa-

203 4064 1438 4237 211122222222212.2121221322122212

201 4239 372 4396 12ἰὶἱωίἏῖ
398 4246 432 4304 ot
452 4238 683 4325 Apocalypsin.
726 4242 809 4307 Post
829 4239 1039 4307 colossenses
1067 4240 1193 4307 inserta
1219 4245 1271 4308 est
1300 4240 1439 4327 epistola

202 4347 222 4396 a
298 4348 337 4401 ao
372 4347 495 4398 000000.
