3000 5024
211 249 275 315 200
726 243 843 301 curor
863 244 920 300 xv.
1419 247 1447 299 a

209 419 378 506 exemplar
400 423 571 504 acceptum
597 407 710 484 refero.
754 417 920 484 Praefatio
948 418 1041 485 adest
1069 418 1174 499 nulla,
1204 419 1310 487 versio
1335 418 1448 499 latina

210 507 351 574 secundo
373 506 534 573 volumini
556 510 723 572 reservata
744 511 792 570 est
815 504 900 588 quod
920 526 989 570 non
1008 504 1120 571 habeo.
1154 504 1241 592 dypi
1262 526 1329 571 non
1351 504 1447 586 mali,

210 594 326 659 saltem
348 594 462 660 charta
484 592 641 658 meliores.
687 592 813 657 Textus
835 613 875 657 ex
899 590 1095 658 Schottiana
1115 592 1179 658 ΙΠ.
1204 615 1231 658 a.
1260 595 1338 656 1825
1363 593 1447 659 sim·

209 679 338 764 pliciter
361 679 543 764 descriptus
566 687 623 744 ost.

420 849 494 917 11.*
536 853 723 913 BEROLINI
740 857 873 912 amoma
890 856 939 911 dh.
958 856 1045 912 Luae.
1076 854 1167 917 18a7.
1199 856 1228 916 8.

294 972 485 1039 Editicnem
513 971 719 1038 Griesbachii
751 972 881 1036 tertiam
911 970 989 1035 dicit
1021 971 1106 1037 hano
1133 970 1239 1037 editor
1260 973 1324 1037 Vir
1353 972 1445 1040 (ilar.

209 1059 319 1126 David
342 1058 515 1125 Schulzius
537 1059 573 1121 in
595 1057 761 1122 academia
781 1057 1035 1123 Vratislaviensi
1058 1057 1135 1122 olim
1157 1057 1341 1142 theologiae
1365 1081 1445 1142 pro·

209 1147 312 1213 fes'sor
334 1155 366 1210 et
388 1144 428 1210 de
450 1165 487 1209 rs
508 1144 621 1210 critica
641 1165 707 1208 non
729 1165 845 1226 parum
866 1143 1003 1208 meritus
1020 1145 1167 1228 scriptor.
1201 1145 1313 1210 Tertia
1330 1154 1445 1210 autem

210 1253 277 1297 non
299 1232 364 1296 nisi
385 1252 423 1296 eo
445 1232 577 1295 nomine
599 1229 662 1295 dici
684 1237 813 1313 poterat
840 1228 925 1312 quod
952 1230 1114 1295 secundae
1135 1229 1349 1314 apographon
1372 1238 1447 1297 crat

168 1357 171 1364 »
210 1319 390 1382 stratisue
413 1317 615 1381 manualium
638 1316 795 1381 librorum
818 1337 896 1380 mox
920 1314 1195 1382 recensendorum
1222 1336 1290 1381 non
1320 1317 1444 1383 habita.

208 1403 285 1470 Non
307 1411 417 1468 tamen
440 1403 626 1468 absolutum
654 1410 705 1467 est
733 1423 813 1484 opus
841 1402 934 1468 cuius
956 1402 1101 1485 primum
1129 1409 1259 1467 tantum
1286 1403 1446 1469 volumen

210 1489 383 1574 evangelia
404 1488 625 1571 complectens
646 1486 769 1572 prodiit
789 1488 990 1572 praefatione
1017 1489 1096 1554 novi
1118 1488 1252 1554 editoris
1279 1497 1444 1571 ornatum,

210 1596 287 1644 cum
314 1583 473 1659 apparatu
502 1575 615 1640 critico
645 1581 740 1640 aucto
770 1573 941 1639 emendato
968 1574 1084 1639 melius
1112 1574 1274 1658 disposito.
1319 1577 1446 1642 Textus

209 1663 259 1729 bis
287 1669 417 1728 tantum
450 1667 596 1726 mutatus
624 1668 673 1727 est
705 1682 747 1726 ex
778 1660 881 1743 ipsius
909 1659 1118 1727 Griesbachii
1150 1662 1342 1741 autoritate,
1378 1661 1446 1728 scil

210 1748 330 1814 Matth.
359 1753 406 1828 18,
433 1751 480 1811 19.
509 1747 562 1832 (E.
588 1746 644 1831 43)
673 1746 795 1830 legitur
817 1746 907 1810 πάλιν
929 1745 1006 1828 λέγω
1029 1747 1115 1830 quod
1137 1747 1199 1814 Gr.
1227 1748 1262 1812 in
1292 1749 1448 1814 omnibus

210 1834 278 1901 suis
301 1833 497 1900 editionibus
519 1840 650 1916 praeter
672 1831 848 1899 secundam
871 1839 991 1912 tuetur,
1014 1843 1047 1898 et
1068 1833 1170 1898 Marc.
1191 1837 1219 1913 4,
1247 1838 1294 1900 18.
1319 1835 1377 1920 (A.
1391 1834 1448 1918 23)

210 1920 364 1988 scribitur
395 1917 487 1984 ἄλλοι
516 1921 592 1983 εἰσὶν
625 1917 712 2003 quod
742 1919 859 1984 saltem
891 1919 926 1982 in
961 1918 1032 1984 edd.
1066 1920 1295 2002 Lipsiensibus
1327 1926 1446 1988 exstat.

211 2007 261 2074 Of.
284 2007 384 2073 ALZ.
413 2010 502 2073 1829.
526 2005 572 2071 II.
596 2008 776 2071 etl-524.
798 2005 930 2071 Wineri
953 2003 1032 2071 diar.
1055 2004 1102 2071 th.
1126 2006 1187 2071 IX.
1213 2011 1262 2071 65.

420 2249 434 2331 ς
459 2250 486 2311 3.
531 2242 694 2312 uorum
717 2241 1027 2310 GRIESBAOHII
1050 2244 1232 2312 uuum.

256 2421 329 2484 lb*
371 2421 526 2481 LIPSIAE
545 2425 677 2480 mactmus
693 2421 730 2479 G.
749 2425 773 2479 Ι.
792 2421 938 2480 Gocacbea.
969 2422 1188 2485 isos-1807.
1219 2427 1330 2483 oraui.
1356 2429 1410 2495 tol.

283 2539 411 2607 Editio
442 2541 587 2605 onmium
613 2561 697 2624 quae
729 2546 862 2605 exstant
894 2540 1133 2623 speciosissima
1164 2541 1297 2607 chartas
1330 2541 1448 2622 nitore,

213 2628 336 2693 formae
359 2625 583 2710 amplitudine,
607 2633 760 2711 typorum
785 2625 956 2709 elegantia.
1000 2625 1190 2692 Dolendum
1219 2634 1330 2693 tamen
1353 2634 1451 2714 typo·

169 2790 179 2796 ,
214 2712 348 2791 thetam,
368 2712 424 2796 qui
435 2719 469 2777 et
479 2713 623 2779 unciales
640 2710 682 2777 ad
699 2713 838 2777 formam
848 2713 1053 2778 cursivarum
1072 2735 1153 2796 quas
1171 2711 1284 2781 dicunt
1300 2712 1452 2799 redigere

214 2799 319 2865 voluit
351 2799 445 2864 salva
477 2819 591 2863 earum
623 2796 864 2882 magnitudine,
905 2800 1055 2864 nativum
1087 2800 1277 2866 literaturae
1311 2821 1451 2884 graecae

214 2894 362 2951 tenorem
390 2885 500 2950 minus
522 2884 660 2951 feliciter
686 2890 840 2949 mutasse.
885 2885 997 2950 Etiam
1025 2886 1193 2952 variantes
1220 2886 1367 2970 margini
1394 2887 1452 2953 ad-

215 2972 355 3054 scriptae
377 2971 452 3036 libri
474 2972 610 3036 minime
638 2971 760 3037 criticis
790 2971 902 3036 usibus
930 2970 1084 3036 destinati
1107 2978 1218 3038 textus
1244 2974 1452 3039 maiestatem

214 3058 412 3123 imminuere
432 3056 596 3123 videntur.
642 3055 731 3122 Sunt
753 3076 810 3121 eae
832 3056 971 3122 selectae
993 3064 1123 3122 tantum
1151 3064 1183 3124 et
1205 3057 1347 3125 literulis
1367 3080 1453 3125 non-

214 3143 318 3210 nullis
340 3143 500 3228 Bcngelio
522 3149 700 3228 praecunte
722 3163 782 3227 pro
812 3163 872 3207 sua
901 3141 1060 3227 dignitate
1089 3143 1261 3210 distinctae
1291 3151 1326 3209 et
1353 3146 1452 3212 aesti-

214 3237 334 3296 matae.
380 3230 646 3313 Unumquodque
673 3230 829 3295 volumen
855 3229 1000 3312 imagine
1028 3230 1094 3295 aeri
1124 3230 1228 3296 incisa
1254 3231 1453 3314 insignitum

214 3339 255 3383 ex
284 3316 504 3382 celeberrimis
527 3314 725 3382 Dresdensis
746 3316 979 3399 pinacothecae
1006 3315 1127 3382 tabulis
1149 3316 1286 3400 depicta,
1311 3316 1453 3383 Domini

215 3403 346 3482 Nostri,
380 3402 409 3468 b.
434 3403 599 3486 Virginis,
629 3401 763 3467 Ioannis
792 3408 825 3466 et
854 3401 950 3466 Pauli
979 3402 1218 3485 Apostolorum.
1269 3403 1454 3487 Exemplar

215 3509 326 3554 meum
350 3489 449 3552 etiam
471 3510 514 3553 ex
536 3489 680 3572 ligatura
701 3487 968 3572 pulcherrimum.

304 3575 447 3639 Tantum
470 3574 706 3641 Griesbachius
727 3574 797 3638 iam⁴
816 3573 913 3638 tertia
934 3575 1006 3640 vice
1028 3573 1218 3659 recognovit
1244 3580 1278 3639 ct
1302 3573 1354 3641 ita
1376 3596 1453 3643 con·

217 3660 326 3727 stituit
357 3666 396 3724 ut
429 3660 581 3744 deinceps
610 3661 669 3725 sub
699 3661 769 3725 eius
798 3661 931 3724 nomine
957 3658 1086 3725 laudari
1113 3660 1289 3726 consuevit
1343 3661 1453 3744 Quam

217 3747 473 3830 recognitionem
496 3748 701 3830 Lipsiensem
730 3745 844 3812 dicunt
860 3746 935 3810 Viri
957 3747 1044 3812 docti
1065 3754 1102 3810 ut
1131 3769 1151 3812 a
1176 3746 1285 3829 priore
1310 3747 1453 3815 Halensi

218 3833 436 3917 distinguant,
478 3834 666 3899 nominibus
699 3855 740 3897 ex
771 3830 951 3897 editionum
982 3833 1061 3898 locis
1094 3832 1259 3899 natalibus
1292 3835 1453 3917 repetitis.

218 3919 331 4001 Quum
357 3925 467 3984 autem
495 3919 550 3985 hic
572 3927 682 3984 textus
704 3918 888 4003 Lipsiensis
915 3939 982 3983 non
1011 3941 1053 3984 ex
1079 3918 1141 3985 hac
1169 3926 1283 3984 nostra
1310 3919 1454 3987 editione

218 4005 276 4071 sed
305 4027 347 4070 ex
377 4006 525 4088 sequenti
552 4004 699 4070 manuali
725 4005 825 4089 vulgo
852 4004 1048 4085 innotuerit,
1076 4006 1112 4069 in
1137 4003 1303 4088 publicum
1334 4008 1455 4074 emissa

218 4099 396 4176 antequam
417 4093 521 4157 maior
541 4092 600 4157 illa
620 4091 719 4157 fucrit
741 4089 906 4168 absoluta,
936 4090 1170 4158 accuratiorem
1199 4093 1269 4157 eius
1298 4093 1454 4160 notitiam

218 4179 305 4244 infra
327 4178 548 4262 suppeditabo.
589 4178 638 4244 of.
662 4176 786 4243 dehac
809 4176 857 4242 ed.
882 4176 985 4242 diaria
1007 4177 1143 4244 Gableri
1164 4177 1244 4244 XII.
1269 4182 1297 4243 7.
1321 4185 1358 4245 et
1378 4201 1453 4249 nou.

218 4265 263 4331 11.
291 4269 360 4332 136.
383 4264 444 4330 IV.
469 4269 539 4330 391.
564 4262 967 4331 schmiduissiol.VH1.
996 4272 1021 4329 l.

406 4441 481 4502 lb*
523 4438 678 4497 LIPSIAE
696 4441 828 4498 armatus
846 4439 882 4497 G.
901 4443 926 4497 I.
944 4440 1091 4498 Gooecben.
1122 4439 1211 4500 1805.
1243 4441 1271 4502 8.

304 4559 368 4626 Est
389 4558 470 4625 haec
491 4556 590 4623 editio
613 4555 819 4623 Griesbachii
840 4557 1003 4623 manualis
1024 4578 1085 4622 usu
1107 4556 1295 4639 tritissima,
1326 4558 1369 4626 de
1390 4581 1458 4645 qua

214 4644 314 4713 modo
348 4645 425 4714 dixi.
481 4641 712 4712 Praemittitur
750 4652 944 4728 conspectus
982 4645 1170 4728 potiorum*
1184 4642 1458 4715 observationum
