3000 5024
112 238 149 296 11
413 235 608 329 numerius
626 233 1047 293 ausano-ssafflsmcsu.
1304 237 1343 300 71

112 434 197 498 qnae
218 418 422 479 remanserat
443 411 591 495 explevit
612 407 785 476 hemonia
806 408 1040 476 Ohemnitiana
1068 431 1088 475 a
1110 408 1196 476 sect.
1222 407 1344 476 OXLI.

112 497 351 566 adeam.
381 498 403 563 i.
424 520 451 564 e.
482 518 585 580 nsque
613 496 656 563 ad
677 495 796 562 Matth.
820 496 933 562 XXV.
968 496 1015 561 Io.
1037 495 1151 561 XVII.
1178 494 1346 579 perducta.

111 586 213 652 Ionae
237 587 327 650 1626.
349 587 440 649 1627.
459 583 709 650 Gerhardianns
727 583 980 648 commentarius
993 581 1224 648 Ohemnitiano
1241 580 1346 647 multo

110 672 270 739 maiorem
291 670 413 738 molem
436 669 629 737 eruditionis
652 668 856 752 theologicae
878 669 986 733 refert.

198 759 343 825 Textum
370 778 466 824 snum
490 753 684 823 (isenhardus
711 776 779 820 non
808 777 850 819 ex
872 755 1130 841 Brylingeriana
1157 754 1267 837 aliqua
1289 753 1347 819 sed

112 867 155 911 ex
183 842 316 930 vulgari
343 842 452 909 neseio
481 862 547 925 qua
575 841 718 907 editione
746 841 956 925 descripsisse
985 841 1117 908 videtur
1147 839 1347 924 Stephanioa

111 931 497 1083 αιιι11111111166666111
525 1013 589 1078 brit
616 1011 786 1095 exemplar
814 1013 1027 1079 bibliothecae
1053 1012 1183 1099 collegii
1203 1012 1346 1079 Wilhsl·

110 1102 231 1171 mitani
252 1100 546 1188 Angenior-atensis
568 1120 589 1165 a
610 1120 673 1182 quo
696 1104 808 1165 tamen
830 1101 869 1166 P.
891 1098 955 1165 HI.
981 1100 1080 1166 abest.

231 1316 233 1323 ’
252 1346 328 1406 aa*
370 1343 650 1406 nasuooruum
667 1349 746 1420 apae
761 1349 786 1403 1.
804 1349 830 1403 r.
848 1346 1005 1403 Passum:
1035 1343 1127 1402 iore.
1160 1345 1216 1413 66.

198 1497 356 1564 Oontinet
387 1503 517 1562 tantum
555 1502 684 1579 partem
723 1498 866 1580 primam
898 1495 1344 1580 chomnitio-Lyserianam.

109 1585 264 1668 Quatnor
284 1584 365 1649 locis
383 1604 402 1648 a
419 1582 626 1666 praecedenti
645 1583 821 1665 discrepat:
844 1583 964 1649 Matth.
986 1585 1014 1662 6,
1035 1585 1062 1647 6.
1083 1582 1135 1666 (Ρ.
1148 1585 1225 1658 277)
1244 1582 1345 1647 Eras-

108 1673 230 1739 micam
251 1671 447 1753 scripturam
470 1670 605 1736 missam
627 1670 719 1750 faoit;
743 1670 864 1735 Matth.
891 1674 918 1748 5,
944 1673 993 1733 44.
1017 1675 1050 1733 61
1076 1675 1123 1748 11,
1150 1671 1196 1732 16.
1223 1668 1279 1751 (Η.
1295 1672 1345 1733 69.

108 1758 153 1825 Κ.
178 1759 254 1833 252)
282 1755 549 1840 Complutensem
578 1755 736 1839 praefert3
770 1757 816 1821 Io.
848 1761 883 1837 9,
913 1759 941 1820 8.
970 1755 1025 1833 (U.
1058 1762 1112 1832 ll)
1141 1755 1346 1821 Erasmioam

109 1843 320 1928 amplectitur
341 1843 463 1909 reiecta
485 1839 694 1925 Stephanioa.

267 2050 316 2109 24.
359 2051 639 2112 FRANCOFURTI
657 2055 736 2125 aptad
752 2055 777 2109 Ι.
795 2055 819 2109 Ι.
837 2054 990 2109 Perusiam.
1024 2049 1113 2108 1622.
1138 2053 1190 2118 sol.

195 2202 428 2270 Praecedentis
450 2202 648 2269 fidissimum
670 2202 891 2288 apographon.
936 2203 1058 2268 Exstat
1086 2204 1121 2267 in
1149 2200 1345 2268 bibliotheca

108 2288 248 2376 collegii
270 2289 513 2356 Wilhelmitani
536 2290 649 2355 nostri.

213 2533 290 2594 25.1
334 2535 517 2593 GENEVAE
535 2537 668 2592 6666161166
683 2537 833 2592 haeredum
850 2537 909 2591 166.
928 2536 1041 2605 Berjoa.
1072 2530 1161 2591 1628.
1185 2535 1237 2601 sol.

195 2685 354 2752 Continet
369 2686 505 2751 Partem
522 2687 548 2751 I.
569 2686 683 2750 61ΙΠ.
701 2686 756 2749 ·In
779 2691 873 2750 textu
896 2685 1060 2750 consentit
1080 2685 1138 2749 illa
1160 2707 1235 2751 cunr
1253 2707 1345 2771 prae·

109 2771 247 2842 cedenti.
297 2771 382 2837 Pars
409 2770 472 2835 HI.
502 2792 580 2837 vero
608 2772 669 2837 has
697 2772 852 2837 lectiones
882 2769 1067 2853 suppeditat
1094 2793 1114 2836 a
1141 2770 1343 2854 Stephanieo

108 2866 205 2925 textu
223 2857 362 2924 alienas:
386 2858 488 2924 11666.
513 2863 565 2937 14,
579 2863 630 2924 45.
655 2859 701 2934 (J.
715 2860 792 2933 227)
816 2857 911 2944 ραββί
929 2857 1038 2937 semel,
1062 2859 1227 2924 veteribus
1249 2860 1365 2944 igno.

108 2953 192 3027 tam3
214 2945 317 3011 Maro.
345 2948 393 3023 15,
418 2950 446 3008 3.
471 2945 527 3023 (G.
552 2949 607 3025 48)
634 2943 759 3027 Oompl.
783 2944 853 3008 Ich.
881 2947 928 3023 18,
954 2945 1003 3008 20.
1028 2943 1087 3020 (X.
1115 2950 1166 3022 17)
1189 2947 1266 3013 Bes.

196 3187 271 3248 ib*
315 3188 500 3248 auNEVAa
518 3207 551 3246 aa
568 3192 748 3264 typoproptiu
765 3192 848 3247 Petri
865 3190 966 3248 Choana
982 3207 1038 3246 sea.
1072 3187 1160 3246 1645.
1187 3192 1238 3257 fol.

193 3340 332 3406 Duobus
354 3340 468 3427 spissis
489 3340 712 3406 voluminibus
731 3341 812 3408 hacc
830 3341 929 3406 editio
947 3345 1054 3404 totum
1071 3339 1137 3403 iam
1155 3360 1236 3421 opus
1255 3359 1342 3405 com-

129 3426 292 3494 rehendit.
344 3426 387 3491 In
415 3433 508 3491 textu
535 3426 660 3508 primae
689 3435 722 3492 et
749 3428 866 3493 tertiae
898 3427 1000 3510 partis
1029 3446 1104 3490 curn
1134 3426 1342 3509 praecedenti

108 3450 177 3580 1666
198 3513 377 3593 666666111;
400 3512 500 3577 etiarn
511 3513 547 3576 in
559 3511 667 3576 media
681 3512 837 3579 lectiones
859 3515 990 3591 miscet,
1013 3510 1134 3576 Matth.
1151 3514 1201 3591 23,
1223 3518 1270 3579 13.
1294 3519 1340 3579 14.

109 3609 142 3665 61
165 3602 215 3678 24,
242 3604 289 3664 15.
313 3598 552 3682 Stephanicum
570 3604 762 3675 antestitem.
778 3650 784 3664 .
800 3649 806 3664 .
820 3650 826 3664 .
840 3605 961 3678 κλείετε,
985 3620 1059 3664 cum
1078 3596 1163 3672 ἑστὸς
1180 3600 1341 3683 amplexa,

107 3685 228 3752 Matth.
253 3690 303 3765 21,
327 3691 356 3748 7.
373 3706 458 3751 aero
481 3685 682 3761 {aexteram
705 3687 808 3752 Marc.
837 3691 882 3764 14,
908 3690 957 3749 45.
982 3684 1023 3749 ad
1044 3686 1218 3768 vulgarem
1240 3686 1341 3766 redit;

107 3772 150 3839 ib.
176 3778 203 3853 1,
229 3774 277 3836 16.
301 3791 377 3836 cum
398 3772 538 3836 Erasmo
560 3769 775 3857 ἀμφίβληστρα
798 3773 917 3838 scribit.

108 4017 184 4076 21.1
227 4016 507 4076 FRANCOFURTI
531 4025 558 4073 et
574 4018 731 4088 Hambarpi
752 4020 886 4074 6616611166
903 4019 988 4074 Ζ661.
1007 4018 1133 4074 Heraclii.
1169 4015 1259 4073 1652.
1290 4020 1341 4082 fol.

161 4240 166 4247 ,
195 4166 288 4253 Opus
305 4169 479 4252 integrum,
498 4166 614 4231 itidem
630 4166 757 4232 duobus
775 4169 927 4232 immensi
946 4166 1100 4251 ponderis
1118 4166 1341 4233 voluminibus

108 4255 302 4322 absolutum.
336 4255 448 4318 Etiam
466 4252 548 4317 haec
566 4255 757 4320 correctoris
776 4274 909 4318 manum
928 4256 1031 4320 sensit
1038 4279 1046 4335 ;
1068 4255 1104 4318 in
1122 4253 1229 4336 prima
1248 4260 1341 4335 parte

107 4342 143 4407 in
165 4340 316 4406 omnibus
338 4361 412 4406 oum
435 4338 577 4404 editione
599 4341 745 4422 principe
774 4340 852 4405 facit
879 4347 1009 4422 praeter
1036 4361 1140 4405 unum
1162 4339 1269 4403 locum
1292 4339 1339 4404 Io.

108 4432 138 4507 9,
157 4432 186 4492 8.
206 4425 246 4493 de
265 4448 327 4510 quo
346 4425 421 4491 vide
439 4446 555 4508 supra;
573 4426 609 4488 in
628 4425 770 4492 secunda
787 4432 898 4491 tuetur
915 4427 987 4493 illas
1005 4427 1161 4492 lectiones
1180 4445 1261 4507 quas
1279 4426 1340 4490 sub

103 4513 148 4604 11.
162 4515 202 4575 26
221 4512 448 4581 recensuimus
465 4520 597 4595 praeter
614 4532 717 4577 unam
736 4520 827 4588 (oum
839 4512 953 4599 Steph.
972 4512 1152 4577 ἐπεκάθισεν
1169 4512 1340 4595 reposito);

107 4618 188 4671 cum
205 4597 319 4669 eadem
340 4598 459 4684 ubique
478 4598 515 4663 in
537 4598 636 4665 tertia
657 4600 830 4666 consentit.
