3000 5024
722 246 841 305 orror
858 247 918 306 rm.
957 330 959 337 Ι

371 513 419 571 65.
463 512 631 569 LONDINI
649 514 800 586 sumptibus
818 513 894 568 Sam.
912 515 1040 584 Bapeter.
1073 509 1163 570 1829.
1194 511 1242 570 32.

423 599 440 633 *
461 599 629 656 LONDINI
646 601 797 673 sumptibus
815 599 890 655 Sam.
909 602 1037 671 Bausta.
1065 617 1087 655 r.
1105 618 1133 654 a.
1163 597 1213 655 32.

462 686 629 745 LONDINI
646 688 797 761 saeptam
814 686 889 743 Sam.
907 689 1036 758 Boyrter.
1069 684 1158 742 1859.
1190 683 1239 743 32.

278 835 399 914 Editio,
422 844 460 901 ut
483 836 623 915 videtur,
645 842 840 924 stereotypa,
864 836 956 902 euius
977 841 1110 901 exstant
1132 835 1302 902 variorum
1323 857 1431 903 anno·

193 943 266 987 rum
294 923 509 1006 exemplaria,
544 924 755 1006 probabiliter
781 923 924 1007 plurium
951 943 1049 1005 quam
1075 943 1137 1006 ego
1165 922 1300 1001 reuniri,
1330 924 1432 988 etiam

193 1009 271 1073 anni
300 1018 379 1074 nota
406 1011 538 1074 omnino
568 1010 735 1076 destituta.
780 1009 909 1076 Prodiit
936 1029 1014 1073 eura
1042 1007 1131 1074 Guil.
1156 1009 1347 1075 Greenfield
1376 1011 1434 1093 qui

193 1094 339 1165 Millium
366 1095 482 1161 duoom
509 1099 692 1179 profitetur.
738 1097 831 1161 Inter
859 1094 953 1162 binas
980 1094 1148 1160 oolumnas
1176 1096 1296 1180 exiguo
1324 1096 1433 1180 spatie

193 1180 392 1246 exhibentur
413 1183 568 1248 loetiones
587 1181 802 1262 Griesbaohii,
826 1202 922 1248 voees
944 1201 1024 1264 quas
1045 1181 1101 1246 isti
1119 1190 1239 1248 vooant
1260 1180 1431 1265 olliptious,

193 1267 340 1332 themata
357 1289 476 1335 vooum
494 1267 713 1335 diffieiliorum
732 1276 765 1334 et
782 1269 853 1335 1666
869 1265 1035 1353 parallelo.
1066 1267 1295 1333 Praemittitur
1313 1268 1431 1336 titulus

193 1353 261 1418 aeri
297 1353 421 1420 1661666
455 1356 490 1420 16
523 1377 587 1438 quo
620 1377 742 1421 nomen
772 1356 856 1421 Novi
886 1354 1073 1422 Testamenti
1104 1354 1327 1440 quadraginta
1360 1361 1428 1423 ooto

193 1439 315 1524 linguis
338 1448 371 1506 et
392 1441 581 1524 linguarum
604 1441 848 1508 characteribus
871 1443 1027 1525 seriptum
1046 1446 1164 1507 exstat.
1210 1439 1345 1506 Adsunt
1366 1440 1429 1510 lee-

193 1525 299 1591 tiones
322 1533 388 1592 tres
410 1527 506 1592 modo
529 1533 737 1606 memoratae,
767 1527 823 1593 sed
845 1529 918 1595 Aet.
946 1530 993 1607 17,
1017 1532 1066 1592 15.
1090 1547 1285 1611 expressum
1309 1533 1359 1594 661
1381 1532 1432 1593 zat

193 1611 298 1677 πάντα.
344 1613 533 1678 Editionem
556 1614 783 1699 typographus
799 1615 1010 1699 polymiera'aa
1032 1615 1177 1695 voeavit,
1207 1614 1341 1681 nomino
1363 1635 1432 1681 non

192 1698 298 1785 magis
322 1721 439 1786 graooo
461 1722 560 1783 quam
582 1701 722 1785 anglico.

298 1911 347 1968 66.
391 1913 829 1984 Now-YORK‚10n.Leaoia.
862 1909 951 1970 1832.
983 1913 1031 1971 32.

390 1997 713 2056 PHEADELPHIAE
731 2000 864 2056 sumtibus
880 1999 917 2054 H.
936 2001 1062 2057 Per-bias.
1094 1999 1184 2058 1841.
1214 1999 1264 2062 32.

390 2084 715 2144 PHILADELPHIAE
733 2089 852 2142 Perleias
869 2096 895 2143 61
912 2089 1028 2144 Paneas.
1060 2086 1150 2146 1846.
1181 2084 1230 2145 32.

391 2174 614 2243 NEw-YORK,
634 2176 744 2229 Barbas
761 2183 787 2229 ot
807 2173 851 2245 06.
884 2173 973 2230 1846.
1007 2171 1056 2230 32.

347 2254 364 2286 l*
390 2259 714 2316 PHILADELPHIAE
733 2261 828 2332 Hoary
846 2262 973 2317 Perlcias.
1003 2260 1094 2318 1850.
1126 2259 1174 2318 32.

347 2340 364 2372 ³*
389 2345 713 2402 PHILADELPHIAE
732 2348 769 2402 H.
791 2345 818 2427 Q.
837 2348 913 2403 Poole
930 2357 956 2403 et
977 2348 1027 2403 Th.
1046 2349 1132 2404 Blae.
1161 2367 1182 2404 a.
1201 2367 1227 2403 a.
1259 2345 1308 2404 32.

280 2497 342 2562 Est
364 2518 492 2562 morum
520 2496 744 2579 praeoedentis
773 2497 1001 2582 apographon,
1030 2496 1192 2564 Guilelmi
1214 2496 1434 2565 Gresnfroldii

193 2604 316 2648 nomon
345 2581 482 2650 candide
510 2584 547 2646 in
576 2583 671 2648 titulo
693 2585 875 2667 professum
904 2592 937 2649 ot
962 2605 1000 2649 ro
1027 2607 1108 2650 vera
1133 2583 1170 2649 iu
1192 2585 1348 2650 Amorion
1375 2607 1436 2650 ex·

194 2691 318 2736 ausum.
363 2667 443 2735 Sola
464 2669 688 2736 Londinensis
710 2670 784 2735 libri
808 2670 910 2735 161166
930 2671 1088 2754 praelatio
1115 2670 1169 2737 hio
1198 2670 1327 2755 anglice
1354 2693 1434 2739 oon-

193 2756 334 2839 soriptae
357 2757 457 2822 oessit
478 2756 594 2832 looum,
618 2757 711 2822 ouius
734 2765 828 2822 autor
844 2757 1006 2839 Iosephus
1023 2758 1062 2823 P.
1080 2756 1206 2841 Engles
1216 2757 1257 2822 A.
1276 2758 1324 2823 M.
1344 2757 1433 2826 hano

193 2842 336 2926 primam
365 2841 542 2908 editionem
570 2843 790 2908 amerioanam
817 2865 946 2908 summa
974 2865 1053 2910 eura
1079 2842 1207 2909 mendis
1234 2843 1391 2926 plurimis
1413 2867 1433 2912 6

193 2949 228 2994 66
251 2936 468 3013 expurgatam
492 2930 643 3008 affirmat,
667 2930 765 2995 simul
783 2928 976 2995 eruditionis
998 2951 1076 2996 6666
1098 2928 1231 2995 66111666
1249 2951 1317 2995 666
1334 2951 1432 3014 prae-

192 3015 391 3081 tereundum
413 3017 635 3081 testimonium
657 3018 781 3099 profert
801 3016 880 3081 dum
897 3015 1143 3083 Elzovirianum
1162 3020 1432 3082 textuma1624

193 3102 338 3167 aMillio
361 3102 554 3185 simplieiter
575 3103 752 3186 repetitum
775 3102 829 3167 ait.
867 3101 996 3167 Vitium
1018 3103 1200 3187 scripturae
1221 3102 1257 3167 in
1277 3104 1354 3170 Aet
1382 3109 1431 3185 11,

195 3188 421 3254 andoletum.
466 3188 626 3254 Additum
655 3198 705 3256 661
733 3209 806 3253 meo
835 3189 1015 3274 exemplari
1043 3188 1192 3256 eiusdem
1213 3186 1433 3257 Greenfieldii

69 3332 75 3345 .
187 3275 401 3357 polyandrion
419 3277 512 3360 praelo
533 3276 651 3341 lexicon
680 3275 767 3359 quod
795 3275 929 3354 dioitur,
958 3275 1071 3344 itidem
1101 3283 1200 3341 antea
1226 3275 1432 3362 aBagstero

192 3359 391 3443 impressum
413 3383 502 3427 nuno
523 3361 775 3445 Philadelphiae
797 3383 960 3428 reeusum.

443 3572 492 3634 67.
539 3573 699 3630 OXFORD
723 3617 982 3634 .........
1019 3572 1109 3634 183l.
1142 3573 1169 3633 8.

444 3660 492 3720 68.
539 3660 701 3718 OXFORD
725 3694 745 3718 .·
756 3701 984 3720 ........
1023 3659 1112 3720 1835.
1144 3659 1171 3720 8.

444 3741 518 3808 dh*
541 3746 711 3816 ΟΧΡΟΒΙ),
728 3750 753 3803 Ι.
768 3747 804 3802 H.
818 3748 930 3804 Pariter
947 3756 995 3803 616.
1021 3745 1112 3806 1848.
1145 3744 1173 3806 8.

444 3833 494 3891 70.
540 3833 700 3891 OXFORD
724 3876 983 3894 .........
1020 3829 1110 3892 1852.
1142 3831 1170 3893 8.

445 3921 494 3980 ll.
541 3919 702 3976 OXFORD
725 3964 983 3981 .........
1022 3916 1115 3980 1856.
1146 3917 1173 3980 8.

279 4051 390 4119 Editio
405 4052 445 4118 N.
464 4054 500 4117 Τ.
517 4052 626 4136 graeei
645 4052 777 4118 soholiis
795 4052 932 4137 anglicis
948 4050 1154 4119 brevioribus
1170 4051 1336 4120 illustrata
1352 4076 1434 4122 eura

68 4132 70 4136 ⁸
194 4147 228 4204 61
249 4139 358 4204 studio
376 4138 459 4203 Edu.
481 4140 610 4202 Borton
632 4139 823 4220 professoris
841 4138 1247 4223 theologianxoniansis.
1279 4141 1434 4208 Primam

194 4223 292 4289 huius
315 4225 391 4291 libri
412 4226 553 4289 formam
574 4224 721 4289 nondum
749 4225 819 4291 vidi
841 4223 898 4291 sed
920 4245 961 4289 ex
983 4225 1184 4309 praefatione
1210 4227 1376 4295 seoundae
1399 4235 1434 4294 61

195 4311 313 4375 tertiae
331 4317 461 4374 textum
479 4311 515 4373 in
533 4313 745 4391 sequentibus
763 4335 828 4376 666
846 4317 1012 4377 mutatum
1028 4312 1130 4378 fuisse
1148 4318 1285 4378 eonstat.
1321 4312 1434 4396 Quem

195 4397 265 4478 ipse
294 4395 400 4461 editor
427 4395 616 4459 Milliannm
646 4396 895 4480 diodoridem,
924 4397 980 4462 sed
1009 4418 1077 4462 non
1103 4397 1267 4463 intaetum
1294 4401 1432 4483 profert.

195 4481 315 4546 Deoies
334 4484 420 4546 enim
440 4501 537 4545 6666
555 4483 644 4545 tonte
663 4483 703 4546 ad
722 4485 893 4566 vulgarem
913 4484 1109 4566 seripturam
1127 4483 1307 4552 dosoivisse
1323 4486 1432 4568 video,

195 4568 243 4630 ita
263 4575 302 4630 ut
329 4566 487 4632 leotionos
509 4565 735 4635 Elzevirianae
762 4568 873 4635 adsint
900 4569 1160 4653 quatuordeeim:
1195 4575 1221 4650 ξ.
1250 4576 1278 4637 3.
1306 4579 1355 4638 10.
1382 4575 1432 4638 16.

191 4653 330 4718 26-31.
356 4656 408 4717 33.
434 4658 484 4717 34.
508 4655 643 4719 36-38.
688 4657 835 4724 Tertiam
856 4655 1031 4724 editionem
1052 4655 1158 4725 solam
1183 4655 1337 4745 possideo
1356 4666 1434 4746 post
