3000 5024
695 244 814 306 OAPUT
832 247 892 306 vn.

283 531 297 615 ς
321 530 350 596 a.
393 524 647 594 rumonus
669 523 1022 594 Panurmmuau
1044 524 1310 595 manans.

336 739 390 798 aa
423 736 677 799 marmana
695 738 1051 797 casamassancia.
1081 691 1178 795 isra
1208 737 1261 805 te.

266 906 360 988 Quae
383 914 416 972 ct
436 906 518 989 ipsa,
546 913 583 971 ut
604 906 683 986 dixi,
706 913 854 989 estpars
876 905 982 991 operis
1005 905 1088 990 regii
1108 905 1291 991 polyglotti.
1329 905 1416 973 Dis-

179 992 307 1071 cedita
329 999 423 1057 textu
446 1013 533 1058 anno
555 992 771 1076 praecedente
793 990 894 1058 simul
914 1013 991 1059 eum
1012 993 1138 1076 syriaco
1161 999 1195 1056 et
1221 991 1344 1076 duplici
1364 991 1416 1057 la-

180 1080 251 1144 tino
271 1080 432 1162 impresso
453 1078 532 1144 locis
554 1079 741 1156 octodecim,
765 1077 890 1145 seilicet
918 1077 1025 1144 decies
1046 1084 1082 1143 et
1101 1083 1218 1161 quater
1242 1078 1418 1144 lectionem

181 1164 451 1249 Oomplutensem
474 1164 625 1248 repudiat
648 1167 701 1241 (B.
719 1166 758 1230 Ε.
768 1165 823 1230 W.
848 1165 898 1228 20.
923 1166 979 1241 24)
1002 1169 1034 1229 et
1055 1163 1110 1230 hio
1132 1163 1251 1247 ubique
1273 1164 1316 1230 ad
1338 1162 1416 1231 Ste-

180 1250 330 1336 phanum
360 1251 480 1317 transit
511 1273 577 1317 uno
598 1252 668 1318 loeo
690 1258 826 1335 excepto
855 1246 912 1315 ubi
940 1270 1059 1317 novam
1089 1250 1284 1333 scripturam
1316 1250 1417 1315 affert

182 1338 236 1415 (B.
262 1341 310 1401 35.
333 1337 434 1421 Apoc.
461 1343 487 1416 l,
512 1340 540 1402 6.
562 1340 717 1422 βασιλείαν
734 1341 785 1400 καὶ
805 1341 920 1419 iraath
943 1341 994 1402 ter
1016 1357 1036 1402 a
1058 1334 1227 1419 Stephano
1249 1336 1291 1402 ad
1314 1334 1416 1402 Oom·

180 1424 329 1508 plutense
342 1423 512 1506 exemplar
526 1422 711 1508 regreditur
724 1423 800 1498 (G⁸·
819 1423 843 1490 J
849 1422 891 1500 a)
910 1422 1050 1505 denique
1061 1422 1272 1489 Erasmieum
1289 1421 1416 1507 χριστός

184 1518 210 1575 1.
233 1510 322 1575 Petr.
348 1512 376 1589 2,
400 1514 428 1574 3.
453 1509 534 1588 (Uo)
556 1511 695 1576 missum
716 1509 796 1576 facit
821 1531 880 1593 pro
901 1508 1041 1598 lectione
1062 1507 1194 1592 vulgari
1215 1516 1249 1586 et
1275 1506 1413 1574 meliori.

180 1596 254 1662 Iam
287 1615 365 1678 ergo
394 1593 643 1679 Oomplutenses
671 1596 828 1662 lectiones
857 1601 1034 1679 supersunt
1060 1615 1174 1660 omncs
1201 1600 1335 1660 nostrae
1361 1593 1414 1662 Ol.

180 1681 379 1747 IV.-VHI.
409 1689 443 1744 et
471 1686 643 1764 praeterea
668 1704 709 1747 ex
732 1682 781 1748 01.
812 1682 886 1763 lx,
914 1683 993 1746 item
1021 1680 1306 1762 antestephanicae
1336 1680 1416 1759 (W)

179 1768 340 1853 plurimae
363 1789 443 1850 quas
465 1767 561 1833 modo
584 1767 754 1852 sigillatim
775 1768 932 1834 recensui.
965 1767 1059 1831 Inter
1080 1764 1239 1832 ducentas
1261 1773 1295 1832 et
1310 1786 1416 1832 nona·

179 1855 272 1938 ginta
294 1857 385 1932 (nam
408 1853 579 1919 emendato
597 1855 668 1920 loco
693 1861 720 1920 1.
742 1855 831 1920 Petr.
857 1858 885 1933 2,
910 1860 938 1919 3.
962 1874 1030 1918 una
1052 1851 1225 1936 demenda)
1246 1851 1415 1932 lectiones,

178 1940 215 2006 in
235 1940 352 2024 quibus
374 1939 606 2005 Plautinianus
628 1945 741 2005 textus
768 1939 821 2007 vel
851 1961 871 2004 a
893 1938 1121 2020 Complutensi
1141 1937 1197 2004 vel
1228 1960 1248 2002 a
1270 1936 1415 2022 Stepha-

178 2026 253 2091 nieo
276 2025 446 2108 discrepat,
477 2034 555 2091 sunt
577 2033 710 2092 centum
740 2032 773 2089 et
800 2034 871 2091 octo
893 2047 974 2108 quas
1000 2025 1198 2091 recentiores
1224 2045 1301 2090 suas
1328 2025 1417 2090 fece·

179 2120 267 2187 runt,
292 2119 423 2177 centum
451 2119 485 2176 et
507 2111 617 2178 decem
640 2133 721 2194 quas
743 2110 840 2175 iidem
863 2111 998 2176 omnino
1025 2106 1217 2176 reiioiendas
1243 2116 1415 2193 putarunt,

179 2196 398 2281 quadraginta
417 2205 450 2261 et
468 2198 553 2262 duae
571 2197 734 2280 hodieque
753 2197 935 2281 ambiguae,
958 2196 1099 2280 triginta
1115 2197 1152 2260 in
1169 2196 1287 2279 quibus
1304 2197 1417 2261 neutri

179 2283 360 2365 exemplari
383 2282 636 2366 adstipulantur.
667 2283 775 2349 Nimis
792 2284 903 2366 inique
925 2282 965 2348 de
982 2283 1084 2348 Ariae
1106 2302 1203 2365 opere
1225 2281 1417 2348 iudicarunt

180 2368 332 2434 nonnulli
358 2389 394 2433 re
420 2389 490 2434 non
517 2371 647 2451 penitus
674 2369 878 2447 examinata,
906 2370 995 2435 inter
1022 2388 1102 2451 quos
1129 2368 1310 2454 Bowyerus
1339 2389 1417 2433 eum

180 2454 448 2537 Complutensem
474 2455 649 2520 editionem
677 2454 720 2521 ad
746 2456 952 2521 Erasmicam
983 2456 1031 2520 ita
1056 2455 1275 2536 composuisse
1304 2453 1353 2519 ait
1377 2460 1417 2520 ut

179 2539 373 2606 lectionibus
395 2541 483 2606 veris
505 2542 649 2607 extrusis
671 2541 843 2607 mendosas
865 2542 949 2624 preli
972 2539 1069 2624 culpa
1085 2549 1174 2606 ortas
1197 2539 1414 2607 substituerit

265 2643 375 2708 Huius
397 2644 594 2727 exemplaris
615 2649 728 2708 textus
751 2644 940 2728 saepissime
968 2645 1105 2709 iteratus
1127 2649 1186 2722 est,
1215 2641 1273 2709 sed
1300 2663 1416 2711 omnes

178 2729 246 2795 fere
278 2728 437 2795 editiones
468 2730 536 2795 iam
568 2730 785 2796 recensendae
820 2731 857 2796 in
890 2731 943 2797 his
975 2729 1074 2796 terris
1105 2730 1293 2796 rarissimae
1325 2736 1415 2797 sunt

178 2814 318 2880 Nostrae
336 2815 433 2880 modo
450 2815 601 2882 laudatae
616 2816 817 2899 exemplaria
834 2823 1019 2896 occurrunt,
1037 2814 1096 2882 sed
1112 2814 1203 2882 haud
1214 2815 1415 2899 frequenter,

179 2900 219 2966 ab
248 2922 344 2984 opere
372 2902 553 2986 polyglotto
584 2908 750 2985 separata,
780 2910 813 2968 et
838 2902 951 2968 Biblia
977 2901 1107 2988 integra
1135 2902 1416 2988 hebraeo-graeca

178 3007 252 3052 cum
274 2988 424 3053 versione
446 2987 547 3054 Ariae
569 2986 734 3054 exhibent.

367 3251 395 3307 4.
439 3247 691 3310 curvamus
713 3268 759 3324 ap.
782 3251 847 3310 car.
864 3251 1037 3309 amanum.
1073 3249 1165 3311 1573.
1197 3249 1226 3311 s.

264 3416 376 3482 Editio
392 3437 483 3482 mere
505 3437 623 3502 graeca
640 3438 738 3500 quam
757 3419 827 3484 sine
849 3417 944 3484 titulo
962 3418 1132 3503 vulgatam
1149 3416 1260 3498 fuisse,
1282 3424 1321 3484 ut
1338 3439 1416 3486 cum

178 3504 331 3570 hebraico
351 3503 393 3568 V.
416 3505 452 3567 Τ.
476 3524 503 3568 a.
531 3507 610 3567 1566
635 3502 689 3583 (de
712 3525 775 3587 quo
798 3525 885 3570 anno
907 3501 1019 3572 videas
1040 3504 1077 3571 in
1099 3504 1233 3588 spuriis)
1253 3504 1418 3590 ligaretur

178 3590 347 3657 Moschius
379 3589 564 3672 suspicatur
599 3611 629 3674 p.
672 3593 740 3656 192.
795 3591 872 3674 Ipse
904 3588 1056 3674 equidem
1085 3590 1209 3658 contuli
1246 3592 1417 3675 exemplar

179 3676 477 3762 Guelferbytanum
498 3676 593 3741 titulo
614 3676 752 3742 minime
773 3676 933 3743 orbatum.

266 3781 391 3846 Textus
413 3800 509 3845 asuo
530 3779 620 3845 fonte
637 3780 761 3847 recedit
781 3779 888 3847 tribus
908 3780 1003 3848 locis:
1026 3779 1146 3847 Matth.
1171 3785 1199 3861 7,
1222 3781 1269 3846 12.
1292 3779 1338 3861 (J.
1360 3785 1416 3862 7³)

179 3856 269 3943 οὗτος,
287 3867 389 3951 Apoc.
414 3868 443 3947 3,
468 3870 496 3930 7.
520 3867 548 3929 εἰ
563 3864 604 3945 μὴ
626 3863 707 3946 ὅ(.Ῐ.
730 3873 804 3942 137)
827 3869 971 3934 correcto
993 3866 1084 3948 vitio,
1107 3873 1140 3932 et
1165 3872 1192 3933 1.
1215 3866 1300 3932 Tim.
1324 3871 1354 3948 4,
1387 3871 1413 3933 l.

180 3955 228 4034 (J.
253 3957 327 4031 118)
346 3951 493 4033 πνεύματι
519 3948 643 4032 alume,
673 3952 760 4036 quod
788 3952 877 4020 haud
904 3951 1003 4020 dubie
1030 3974 1110 4020 casu
1137 3951 1280 4039 irrepsit,
1309 3951 1368 4020 sed
1394 3973 1417 4019 a

143 4037 146 4044 ’
179 4039 328 4125 pluribus
350 4038 504 4123 deinceps
526 4046 692 4109 servatum
716 4044 774 4106 est.
910 4035 914 4044 '

346 4303 399 4363 a*
440 4298 694 4363 ANTVERPIAE
712 4322 757 4377 ap.
780 4303 843 4362 oar.
862 4303 1034 4360 Plaatiaaaa.
1071 4299 1162 4362 1574.
1197 4299 1248 4361 32.

267 4473 402 4541 Oontuli
430 4473 509 4538 olim
536 4471 704 4553 exemplar
730 4468 956 4536 Lorehianum
983 4466 1222 4554 stuttgardiae,
1250 4469 1316 4534 iam
1343 4467 1416 4554 ipse

180 4560 328 4646 possideo
350 4561 557 4626 rarissimum
582 4557 739 4624 libellum.
790 4557 960 4642 Typcrum
986 4555 1156 4622 character
1182 4560 1235 4622 est
1260 4555 1414 4623 minutis-

177 4648 291 4714 simus.
338 4650 481 4714 Textum
502 4666 600 4713 suum
622 4645 724 4712 sumit
744 4665 786 4711 cx
808 4641 1023 4727 praecedente
1045 4647 1128 4722 (exc.
1157 4648 1184 4709 1.
1208 4641 1293 4710 rim.
1316 4648 1347 4753 4?
1372 4646 1414 4722 1).
