3000 5024
205 254 246 316 36
736 246 907 304 osrurn
1415 246 1442 302 u

203 421 393 503 attenderis,
421 442 489 486 non
509 420 625 486 tertiae
647 419 705 488 sed
726 421 854 504 primae
875 419 1025 486 editionis
1052 419 1441 505 exemplar‚desoriben-

204 508 285 576 dum
306 510 377 575 suis
398 506 489 574 dedit
510 505 623 573 editor.

290 594 474 662 Observavi
485 605 596 659 tamen
610 593 786 658 nonnullas
803 593 883 659 alias
894 593 1050 658 lectiones
1061 594 1102 659 ab
1113 593 1293 660 Erasmiois
1303 594 1441 659 omnino

204 681 366 749 diversas:
378 683 480 748 Mara
493 688 524 759 4,
539 685 587 744 18.
601 681 654 762 (A.
669 681 726 762 23)
737 677 825 745 delet
835 680 1016 745 seeundum
1027 670 1111 743 οὗτοι
1120 682 1212 758 εἰσὶν,
1223 674 1305 746 Luo.
1322 685 1374 760 11,
1386 684 1439 745 63.

203 768 251 852 (J.
275 771 353 852 229)
375 768 475 833 habet
495 767 750 850 ἀποστοματίζειν,
767 766 815 831 Io.
835 769 886 845 21,
910 771 957 830 15.
981 765 1033 852 (Ρ.
1054 768 1132 848 263)
1154 769 1239 847 iteri,
1258 768 1322 851 Ap.
1338 770 1389 846 16,
1410 770 1440 832 5.

204 854 257 940 (Τ.
281 854 359 938 337)
382 853 454 919 add.
477 856 536 933 tuiz
557 852 684 930 6616111,
707 852 748 917 ib.
773 856 823 931 20,
848 859 876 917 5.
901 853 946 936 (J.
972 853 1051 939 231)
1073 850 1145 937 ἄχρι
1239 854 1299 932 ἔτη.
1344 851 1442 935 Quas

202 939 292 1006 unde
314 941 491 1023 sumpserit
520 939 625 1005 editor
652 938 785 1005 difficile
813 946 864 1004 est
891 939 989 1005 diotu.
1035 938 1162 1005 Omnes
1188 939 1323 1022 quidem
1350 939 1441 1023 apud

203 1025 458 1110 Complutenses
479 1033 621 1104 exstant,
651 1026 735 1089 mihi
760 1034 871 1090 tamen
893 1047 972 1092 vero
993 1026 1132 1091 similius
1162 1024 1293 1092 videtur
1319 1047 1441 1092 seeun-

203 1112 280 1177 dam
301 1113 435 1178 tertiam
457 1122 491 1178 et
511 1122 662 1196 quartam
683 1114 750 1176 iam
772 1133 815 1175 ex
833 1110 994 1195 Stephani
1015 1114 1124 1194 prima
1145 1112 1288 1177 editione
1309 1133 1339 1177 a.
1354 1115 1440 1177 1546

201 1200 321 1264 emissa
343 1199 523 1282 descriptas
545 1221 625 1264 esse.
670 1197 832 1279 Quartam
853 1198 925 1281 ipse
945 1199 1105 1265 Erasmus
1132 1205 1299 1283 postrema
1325 1219 1442 1265 emen·

200 1283 332 1351 datione
365 1285 659 1351 commendaverat.
713 1284 872 1367 Reliquas
904 1285 1111 1350 oonieoturae
1143 1284 1253 1350 deberi
1284 1285 1439 1364 arbitror,

202 1376 237 1436 et
258 1373 286 1437 si
305 1371 460 1436 malueris
482 1393 596 1437 omnes
616 1378 746 1454 praeter
768 1378 918 1452 quartam
944 1391 1011 1435 non
1033 1372 1217 1452 abnuerim3
1242 1372 1442 1454 praesertim

200 1457 350 1522 ultimam
373 1458 430 1522 vix
457 1467 509 1523 est
536 1478 601 1540 qua
627 1458 667 1522 de
689 1478 788 1523 eausa
815 1456 948 1522 aliunde
976 1468 1213 1540 repeteremus,
1241 1458 1273 1523 si
1302 1457 1440 1540 quidem

200 1543 355 1610 taefflimo
377 1546 509 1627 negotio
536 1543 717 1609 absurdum
741 1543 988 1609 Erasmieorum
1016 1544 1177 1609 librorum
1204 1564 1352 1608 errorem
1379 1545 1442 1610 ali·

202 1631 275 1713 quis
297 1651 340 1694 ex
361 1651 420 1695 suo
448 1630 581 1713 ingenio
608 1631 771 1713 corrigere
798 1638 934 1711 poterat.
978 1630 1078 1695 Certe
1108 1631 1170 1697 hoo
1196 1631 1304 1714 magis
1330 1630 1443 1715 ploret

201 1736 300 1799 quam
322 1715 471 1781 oodioum
493 1713 595 1781 MSS.
619 1738 718 1781 usum
741 1716 913 1780 (Purioensi
936 1715 1052 1781 editori
1074 1717 1229 1782 tribuere.

287 1802 524 1886 Praetiguntur
552 1802 692 1886 singulis
719 1801 899 1886 evangeliis
929 1805 992 1883 βίοι
1013 1812 1183 1869 suetorum
1210 1811 1245 1869 et
1266 1803 1442 1870 Matthaeo

200 1889 404 1972 prooemium
422 1886 671 1972 ytheophylacti.

467 2150 482 2231 ς
504 2152 534 2212 1.
579 2147 741 2213 nmmo
762 2146 944 2213 uanam
965 2146 1164 2228 Quaem.

411 2339 496 2412 ‚19.*
539 2339 733 2397 BASILEAE
755 2361 800 2415 ap.
824 2344 865 2397 Io.
890 2343 1006 2399 seua.
1046 2342 1135 2400 1527.
1162 2345 1220 2412 fol.

287 2492 320 2556 A
342 2491 479 2556 oaoteris
497 2491 613 2555 differt
640 2513 678 2557 eo
703 2492 790 2575 quod
815 2513 921 2558 novae
947 2494 1092 2559 versioni
1120 2494 1244 2559 latinae
1273 2496 1310 2560 in
1338 2498 1440 2563 tertia

202 2576 356 2642 oolumna
384 2585 531 2642 veterem
560 2578 730 2662 vulgatam
758 2578 901 2660 adponit.
953 2579 1094 2644 Textum
1122 2582 1156 2643 in
1184 2581 1246 2646 hao
1274 2581 1317 2647 ad
1340 2581 1440 2648 Gom-

201 2663 387 2749 plutonsem
408 2671 573 2728 mutatum
595 2686 666 2730 esse
688 2663 812 2729 dudum
834 2687 853 2731 a
874 2666 954 2732 viris
971 2663 1075 2730 doetis
1095 2667 1252 2732 traditum
1270 2677 1337 2749 est;
1359 2690 1441 2737 eave

202 2758 315 2816 autem
336 2749 369 2814 id
391 2749 430 2814 de
453 2750 606 2816 omnibus
624 2751 664 2816 N.
684 2751 721 2815 Τ.
745 2752 837 2817 libris
860 2752 1039 2835 aequaliter
1057 2753 1120 2817 dioi
1136 2773 1232 2835 posse
1249 2754 1440 2824 credideris

203 2835 305 2902 Valet
331 2836 536 2919 potissimum
568 2846 602 2900 et
629 2837 696 2902 fere
728 2839 824 2902 unios
852 2836 892 2902 de
922 2839 1120 2923 Apoealypsi
1152 2861 1251 2922 quam
1283 2841 1364 2908 olim
1398 2865 1441 2909 ex

202 2922 452 2988 mendosissime
474 2922 584 2987 oodioe
607 2944 678 2986 sose
698 2923 837 2988 edidisse
859 2925 960 3007 probe
981 2926 1178 2990 meminerat
1199 2927 1372 2994 Erasmus.

287 3009 412 3074 Forma
439 3016 553 3074 textus
581 3009 661 3074 haeo
690 3017 749 3074 est
799 3009 886 3076 Oum
911 3012 1010 3076 tertia
1035 3013 1197 3078 eonsentit
1222 3013 1259 3078 in
1285 3016 1441 3081 omnibus

201 3096 396 3161 lectionibus
417 3102 549 3179 praetor
571 3116 626 3160 eas
646 3117 727 3177 quas
749 3097 809 3162 sub
831 3096 929 3178 litera
951 3099 987 3162 Τ.
1011 3097 1163 3164 oolleot-as
1191 3098 1352 3166 dedimus.
1398 3102 1441 3167 In

202 3182 256 3248 his
289 3184 357 3332 ferhe
372 3204 521 3334 bsemper
554 3183 656 3265 (W)
686 3182 727 3246 ad
760 3181 1011 3267 Complutenses
1045 3187 1174 3251 transit.
1215 3187 1441 3256 Pauoissimas

202 3289 306 3336 novas
352 3275 441 3333 aet:

244 3355 285 3421 U.
308 3378 340 3419 n.
365 3359 415 3419 28.
439 3356 490 3433 (Τ.
515 3358 592 3431 325)
615 3357 643 3417 2.
667 3353 742 3418 001⁸.
767 3358 796 3434 2,
821 3358 848 3419 3.
872 3355 967 3435 λύπην
989 3359 1056 3437 σχιὸ
1077 3358 1160 3424 111111

314 3462 341 3506 o.
366 3443 415 3504 29.
440 3440 491 3518 (T.
516 3443 593 3517 326)
616 3439 679 3523 Ap.
703 3445 731 3519 6,
758 3446 805 3505 13.
831 3438 971 3507 edaciter
994 3449 1070 3524 (om.
1094 3449 1214 3530 τρὶς)**

366 3531 416 3590 30.
440 3527 491 3606 (Τ.
517 3527 595 3610 327)
619 3525 680 3609 Ap.
709 3534 756 3605 14,
781 3530 808 3590 6.
832 3526 899 3600 rods
921 3531 1128 3604 κατοικοῦντας
1149 3532 1312 3599 G¹K¹L¹

308 3635 338 3696 p.
363 3616 413 3677 31.
437 3615 492 3689 (R.
517 3616 578 3677 312
600 3611 673 3691 Um)
695 3612 815 3678 Matth.
839 3618 890 3693 21,
913 3619 941 3680 7.
971 3616 1166 3696 ἐπεκάθησαν
1195 3619 1351 3695 (lectione
1373 3622 1440 3687 iam

614 3706 732 3782 quarta
754 3699 825 3766 vioe
848 3706 987 3778 mutata)

307 3807 336 3868 q.
362 3788 411 3850 32.
435 3783 544 3866 (Ceph.
570 3789 646 3857 366)
673 3790 698 3850 l.
721 3786 813 3850 Petr.
835 3791 864 3864 2,
889 3790 917 3851 3.
940 3787 1062 3875 χριοτὸς
1084 3795 1159 3873 (pro
1180 3789 1368 3877 χρηοτδς“)

307 3895 333 3937 r.
363 3875 412 3936 33.
436 3875 528 3951 (371)
554 3877 580 3936 l.
604 3871 771 4022 11ὴοῖ11.ῗέ
799 3878 845 3937 12.
869 3875 1124 3961 puprupoiprvos*
1154 3883 1227 3962 (pro
1248 3880 1439 3966 μαρτυρόμε-

613 3982 659 4021 νοι
773 3962 833 4036 2··)

298 4168 347 4227 ao.
391 4168 556 4227 noveru
573 4187 607 4226 a
623 4171 740 4237 officum
756 4171 877 4240 11119111
892 4173 988 4229 aaut
1006 4177 1158 4247 1111111111
1175 4179 1296 4235 uuum
1313 4190 1342 4237 et

605 4259 712 4319 ‚nasu
732 4257 842 4314 aaut
874 4260 963 4317 1531.
995 4260 1021 4316 a.

284 4388 423 4455 Dahae
445 4389 585 4455 editione
607 4389 697 4456 solus
718 4390 812 4457 nobis
834 4392 927 4458 testis
947 4393 1055 4458 fuerat
1075 4395 1126 4459 Le
1148 4396 1255 4482 Long.
1278 4419 1355 4485 pag.
1374 4404 1439 4468 265

199 4476 256 4560 qui
277 4475 412 4542 titulum
433 4499 477 4542 ex
498 4476 647 4561 oatalogo
670 4476 883 4544 bibliothecae
905 4479 1003 4545 Dion.
1026 4480 1139 4546 Nolini
1166 4483 1319 4551 advooati
1341 4488 1439 4555 Pari-

198 4563 316 4629 siensis
339 4561 517 4648 descripsit.
549 4564 664 4645 Neque
687 4565 757 4647 ipse
780 4563 899 4630 librum
917 4564 1003 4632 vidit
1020 4588 1125 4649 nequo
1147 4567 1244 4635 hodie
1265 4572 1302 4638 in
1318 4574 1438 4642 biblio·

192 4651 301 4719 thecis
321 4651 468 4738 pubiiois
497 4659 684 4720 exstantem
713 4650 861 4739 oognovi.
905 4655 1064 4720 Attamen
1091 4654 1250 4745 Friburgi
1276 4659 1314 4727 in
1340 4660 1439 4731 Bris-
