3000 5024
627 1430 744 1487 CAPUT
762 1431 863 1487 XVIII.

321 1582 681 1706 suinouas
709 1591 1158 1743 narnensis.

216 1914 407 1980 Editionum
436 1913 712 1998 Knappianarum
746 1913 903 1979 familiam
938 1913 1074 1981 seorsim
1106 1913 1269 1979 constituo

129 2021 205 2068 eum
235 2000 443 2083 praecedenti
465 2000 920 2067 Griesbaohio-Elzeviriana
948 2001 985 2065 in
1014 2020 1113 2065 unam
1137 1999 1278 2065 fundere

129 2088 272 2153 tuissem.
327 2085 419 2166 Quas
452 2086 539 2150 enim
568 2106 671 2151 novas
698 2092 731 2151 et
763 2087 911 2169 proprias
943 2087 1098 2151 lectiones
1131 2086 1299 2152 commend

129 2195 196 2238 non
219 2174 299 2239 adeo
321 2174 445 2238 multae
466 2183 554 2251 sunt,
579 2193 684 2260 neque
707 2180 774 2236 tam
796 2175 909 2256 magni
931 2173 1090 2238 momenti
1108 2179 1147 2237 ut
1163 2172 1299 2256 peculia}

130 2265 240 2326 textus
262 2260 376 2325 faeiem
398 2258 551 2338 referant,
575 2265 607 2324 et
629 2257 712 2323 nihil
734 2259 802 2322 fere
823 2257 981 2341 praebent
1001 2259 1037 2323 in
1059 2260 1249 2324 universum
1273 2281 1299 2342 s]

130 2351 216 2409 tatae
239 2365 336 2428 quam
359 2345 554 2427 scripturam
577 2366 619 2410 ex
641 2352 776 2427 utroque
797 2344 886 2409 fonte
908 2346 1056 2411 mixtam.
1096 2343 1232 2433 Habent
1253 2350 1299 2411 tar

130 2429 254 2513 aliquid
281 2450 345 2514 quo
365 2452 387 2505 a
410 2431 546 2497 caeteris
576 2431 668 2496 faeile
698 2431 803 2513 primo
831 2431 948 2496 obtutu
977 2430 1237 2514 distinguantur,
1263 2453 1299 2496 ιιι

129 2515 200 2581 dieo
224 2517 403 2582 uncinosve
426 2517 535 2581 variae
557 2516 680 2582 formae
702 2518 892 2582 innumeros
912 2516 1029 2599 quibus
1051 2516 1104 2581 usi
1126 2522 1159 2581 et
1180 2517 1275 2583 abusi
1298 2556 1299 2567 ι

129 2610 216 2668 tores
239 2601 338 2668 dubia
360 2623 418 2668 sua
440 2601 587 2667 indicant
609 2603 648 2668 de
670 2602 787 2687 glossis
815 2602 868 2669 rel
897 2602 1055 2668 addendis
1084 2601 1136 2669 vel
1164 2603 1299 2668 omittes

130 2687 258 2770 Quibus
281 2709 358 2754 sane
380 2687 414 2753 id
437 2689 577 2757 efficitur
602 2696 640 2754 ut
664 2688 769 2755 leetor
797 2688 975 2771 scripturae
998 2686 1224 2755 diversitatem
1252 2697 1299 2754 sta

130 2781 298 2860 agnoscat3
322 2773 380 2840 sed
401 2774 464 2840 hoo
483 2773 526 2839 ad
548 2794 648 2839 unam
670 2781 799 2840 tantum
821 2774 1022 2841 variantium
1052 2774 1189 2840 classem
1220 2781 1299 2858 pert

129 2858 169 2925 de
191 2861 308 2943 quibus
330 2861 391 2926 hoe
418 2866 513 2944 paeto
541 2861 656 2944 auique
684 2860 725 2925 ab
752 2860 875 2926 editore
902 2860 1060 2927 iudioium
1089 2858 1262 2925 ferendum
1291 2884 1299 2945 ]

128 2947 284 3029 mittitur,
306 2946 391 3031 quod
411 2946 483 3030 ipse
512 2947 574 3013 sibi
601 2948 636 3012 in
665 2947 802 3013 caeteris
824 2945 974 3013 omnibus
996 2945 1154 3013 elassibus
1176 2967 1299 3014 neeess

128 3042 283 3099 reservat.
329 3032 419 3098 Talis
441 3033 490 3098 rei
511 3033 701 3099 tractandae
723 3033 816 3112 ratio,
839 3055 937 3116 quam
959 3052 1056 3098 nemo
1076 3032 1299 3116 vituperaveri

127 3119 253 3185 modios
276 3119 469 3184 adhibeatur
489 3120 525 3183 in
547 3119 626 3185 loeis
648 3119 854 3203 paucioribus
877 3121 1082 3202 maximeque
1105 3119 1281 3202 ambiguis,

128 3205 288 3289 suffragia
310 3204 425 3270 tulerit
446 3205 502 3271 ubi
524 3211 594 3270 tam
617 3207 803 3289 frequenter
825 3212 958 3288 tamque
979 3205 1174 3271 festinanter
1201 3207 1247 3270 ιιι
1267 3227 1299 3272 ιιι

128 3291 209 3355 lium
231 3299 374 3356 voeatur.
420 3291 611 3370 Caeterum,
640 3292 704 3357 nisi
727 3292 836 3356 omnia
864 3291 1070 3369 mosellum,
1100 3291 1278 3374 Knappius

127 3376 333 3460 potissimum
353 3376 416 3441 sibi
438 3377 544 3443 voluit
565 3383 604 3441 ut
622 3359 898 3444 Griesbaehianae
920 3379 1051 3444 eritioae
1074 3376 1245 3443 audaoiam
1266 3400 1299 3463 pr

128 3463 241 3527 sertim
264 3463 298 3524 in
320 3461 504 3528 resecandis
525 3463 676 3546 plurimis
698 3469 809 3529 textus
830 3464 952 3547 recepti
971 3463 1134 3529 vocabulis
1152 3465 1299 3548 eonspiot

128 3568 202 3614 eum
224 3568 287 3612 usu
309 3548 402 3632 vulgi
429 3549 626 3615 eoneiliaret.
671 3548 770 3630 Quod
797 3548 873 3613 olim
902 3549 937 3614 in
960 3549 1068 3615 Maeio
1095 3548 1299 3616 laudandum

127 3634 195 3698 fere
226 3634 456 3713 necessarium,
489 3635 546 3718 qui
578 3637 705 3718 primus
737 3636 912 3700 innumera
948 3636 1143 3719 glossemata
1175 3657 1299 3722 expung

128 3718 301 3804 adgressus
323 3719 501 3787 modestius
523 3722 559 3786 in
580 3723 642 3787 hoe
663 3722 794 3805 negotio
816 3721 991 3804 prooedere
1014 3720 1138 3802 debuit;
1161 3743 1253 3789 nuno
1271 3747 1299 3790 ιι

128 3812 202 3890 post
219 3813 269 3871 tot
286 3807 423 3872 aliorum
437 3807 564 3873 labores
583 3815 616 3872 et
633 3807 777 3890 undique
795 3815 906 3874 ooaeta
923 3807 1117 3887 testimonia,
1141 3815 1180 3874 ut
1197 3808 1239 3874 de
1257 3832 1299 3876 ou

127 3893 188 3959 bus
211 3892 283 3959 aliis
305 3891 529 3973 varietatibus,
554 3893 601 3958 ita
623 3893 722 3958 etiam
746 3892 786 3958 de
808 3892 968 3958 addendis
991 3893 1222 3962 omittendisve
1246 3896 1299 3981 glo

127 3978 188 4044 sibi
207 3979 343 4063 quisque
359 3977 516 4044 iudicium
535 4000 664 4044 sumere
682 3979 787 4060 debet,
806 3980 1012 4064 suspeetisin
1024 3981 1208 4065 marginem
1221 3983 1299 4049 reia<

493 4188 508 4268 ι
533 4191 559 4251 1.
604 4183 766 4252 annuo
788 4185 994 4252 unsara.

328 4360 381 4422 L*
425 4360 726 4420 HALAEetibroaaa
745 4365 979 4437 orpboaaotrophei.
1010 4363 1102 4424 1797.
1133 4363 1162 4424 8.

213 4492 377 4578 Georgius
411 4492 621 4561 Christianus
653 4495 700 4560 Io.
737 4494 874 4579 Georgii
906 4495 992 4562 filius
1024 4497 1164 4580 Knapp,
1196 4497 1299 4579 profes

127 4577 309 4664 theologiae
341 4580 496 4646 Halensis
530 4581 617 4648 diem
650 4603 745 4648 suum
778 4581 856 4647 obiit
886 4603 913 4647 a.
943 4586 1031 4663 1826,
1066 4584 1118 4651 vir
1149 4583 1186 4648 in
1213 4583 1299 4650 seien
