3000 5024
83 238 116 295 Y
288 236 489 296 semesas
506 237 673 295 (lillTchE
691 236 1118 297 masamsaacfflsrtsa
1262 246 1321 308 169

87 411 148 481 sed
165 416 307 494 tantum,
328 411 479 493 6166161,
501 412 609 497 quoad
630 418 802 480 externam
824 414 973 480 formam.
1018 414 1128 481 Antea
1144 412 1322 482 nonnullas

87 499 162 567 eins
182 506 294 584 partes
309 506 525 567 recensuerat
542 500 820 585 Baumgartenius
841 501 878 565 in
897 498 938 567 N.
956 498 1001 566 Π.
1024 505 1085 563 485
1098 523 1140 568 66
1172 501 1322 586 Dignum

85 584 203 653 16666
224 594 284 677 est,
299 584 373 671 'p'ro
393 590 510 653 nostro
530 586 693 666 instituto,
723 588 764 653 de
791 608 854 671 quo
884 588 1117 654 accuratiorem
1144 586 1322 654 lectoribus

87 672 244 767 notitiam
270 672 477 759 suppeditom
505 680 621 758 utpote
648 673 689 739 de
718 674 825 758 prima
845 673 988 740 editione
1015 674 1102 740 inter
1122 674 1322 741 recentiores

84 778 168 827 vare
187 759 311 827 critica.

174 846 302 913 Auctor
328 845 507 912 Eduardns
531 844 641 912 Wells
667 845 854 931 theologiae
880 845 1007 926 doctor,
1035 852 1142 914 rector
1167 844 1322 911 ecclesiae

85 931 340 999 Ootcsbacsnsis
359 932 398 997 in
418 932 575 998 comitatu
598 932 839 1012 Leicestriensi,
867 934 922 1017 qui
941 933 1040 1000 variis
1062 930 1193 1016 scriptis
1215 931 1322 998 clarus

85 1018 331 1086 mathematicis
357 1017 548 1102 theologicis
577 1019 721 1084 maximo
753 1041 832 1086 vero
865 1019 1093 1105 geographicis
1125 1017 1323 1085 deoannium

85 1106 257 1190 integrum
288 1103 414 1170 edendo
447 1112 480 1169 et
510 1105 758 1188 interpretando
791 1106 831 1171 N.
865 1107 901 1171 1.
938 1105 1106 1189 impendit.
1162 1103 1322 1189 Singulae

85 1191 199 1275 operis
218 1198 329 1273 partes
349 1190 568 1275 peculiaribus
590 1192 695 1258 titulis
722 1193 902 1258 instructae
924 1192 1102 1274 separatim
1127 1191 1323 1275 prodierunt

84 1278 150 1344 hec
172 1276 302 1344 ordine:
323 1278 407 1364 Epp.
431 1276 472 1342 ad
495 1277 568 1343 Gal.
597 1284 631 1343 et
652 1278 767 1345 Thess.
799 1284 891 1342 1709.
913 1276 974 1343 Ed.
998 1278 1043 1343 Π.
1070 1281 1167 1356 1711;
1190 1278 1252 1362 Ep.
1280 1276 1322 1341 ad

85 1364 186 1430 Rom.
208 1368 306 1444 1711;
338 1364 400 1447 Ε6.
424 1360 466 1428 ad
482 1364 585 1429 Hebr.
612 1369 706 1444 1713;
741 1366 825 1448 Epp.
850 1363 891 1430 ad
910 1364 1002 1430 Oorr.
1025 1368 1122 1445 1714;
1145 1364 1321 1447 1166666-

84 1456 178 1516 torae
206 1469 322 1517 omnes
352 1454 432 1513 1715
464 1449 591 1516 (166166
617 1451 716 1517 tomis
723 1474 731 1532 ;
763 1450 979 1535 Apocalypsis
1009 1454 1107 1534 17173
1132 1449 1322 1516 Matthaeus

84 1543 122 1603 61
148 1536 284 1602 Marcus
313 1540 410 1617 1717;
444 1537 506 1602 Ev.
536 1537 648 1601 Lucae
674 1545 708 1602 et
734 1538 820 1603 Acta
851 1542 945 1617 1719;
974 1538 1036 1604 Ev.
1064 1536 1199 1602 Ioannis
1230 1540 1321 1601 1719.

85 1621 177 1690 Sunt
203 1643 282 1707 ergo
303 1622 433 1706 proprie
461 1621 573 1688 decem
601 1629 709 1705 partes
736 1642 821 1706 quas
848 1624 885 1688 in
913 1623 1154 1706 exemplaribus
1184 1621 1322 1687 diversis

85 1706 194 1774 modis
225 1708 357 1776 iunctae
388 1708 484 1774 modo
516 1708 613 1791 plura
643 1709 740 1775 modo
771 1710 927 1793 pauciora
958 1710 1130 1775 volumina
1163 1708 1319 1774 efficiunt.

85 1794 220 1861 Titulus
237 1794 363 1879 primae
383 1795 489 1877 partis
510 1796 617 1860 fuerat
639 1796 707 1861 hic:
737 1795 770 1860 A
792 1797 947 1878 specimen
969 1796 1005 1877 cf
1028 1817 1071 1861 66
1098 1795 1168 1878 help
1193 1795 1246 1878 sor
1273 1793 1322 1858 tte

84 1901 173 1947 more
193 1900 270 1965 easy
288 1881 353 1948 661
381 1880 465 1946 clear
489 1882 739 1967 undastcodicp
767 1882 804 1963 of
826 1882 874 1947 116
896 1881 938 1947 H.
965 1880 997 1948 S.
1026 1881 1116 1966 16166
1145 1880 1178 1947 S.
1211 1880 1323 1946 Paul’e

85 1966 230 2051 Eparia
258 1974 317 2033 ota
362 1966 405 2031 In
434 1968 569 2033 caeteris
598 1969 746 2050 partibus
774 1968 954 2052 simplicius
983 1968 1117 2034 dicitur:
1169 1966 1225 2032 Ac
1253 1966 1321 2047 help

83 2054 141 2137 for
168 2060 227 2120 616.
259 2053 417 2154 'Adsunt
448 2062 561 2119 tamen
595 2055 693 2119 otiam
721 2054 812 2119 tituli
840 2053 1060 2138 generaliores
1086 2054 1121 2118 in
1153 2052 1322 2118 nonnullis

85 2139 409 2292 atthila
426 2160 637 2292 tritta
660 2141 1322 2311 attttttttttltltttttttt

84 2310 137 2377 tire
156 2310 236 2378 Acta
256 2319 316 2378 sto.
360 2310 712 2379 Vol.1.L0nd.s.a.
757 2311 865 2393 Quem
888 2314 1031 2396 priorem
1053 2313 1187 2377 titulum
1215 2312 1322 2393 sequi·

83 2406 143 2463 tur
169 2397 267 2463 alius:
312 2398 369 2464 Aa
395 2397 466 2482 help
478 2445 569 2464 .....
581 2398 670 2483 baiam
697 2398 747 2464 cte
774 2399 850 2482 socr
880 2399 918 2464 G.
950 2396 1158 2465 66111611.
1193 2396 1323 2463 Oxford

87 2488 184 2563 1718,
205 2484 296 2548 6116
318 2484 420 2550 altero
448 2485 614 2551 volumine
628 2533 715 2549 .....
729 2483 819 2567 16166
847 2485 891 2550 cll
919 2485 967 2551 tlte
995 2485 1077 2568 Epp.
1106 2485 1142 2566 cf
1167 2483 1200 2549 S.
1227 2484 1321 2549 Paul.

84 2568 216 2636 Oxford
243 2575 332 2635 1715.
378 2570 432 2634 Ex
455 2571 508 2636 his
529 2579 665 2655 apparet
686 2571 874 2636 collectores
902 2572 1009 2653 specie
1032 2571 1185 2653 deceptos
1212 2592 1323 2635 exem-

83 2654 195 2739 plaria
213 2676 332 2722 manca
352 2676 412 2739 pro
434 2657 573 2741 integris
600 2676 709 2722 emere
738 2677 832 2740 posse
858 2656 1013 2723 facillimo
1040 2657 1180 2741 negotio.
1226 2655 1323 2737 Quod

85 2741 226 2807 etmihi
247 2741 374 2808 accidit
417 2743 552 2809 Absunt
568 2743 656 2808 enim
679 2766 699 2808 a
720 2765 793 2808 meo
815 2744 876 2810 Ev.
899 2744 1035 2809 Ioannis
1057 2751 1091 2809 61
1109 2742 1323 2827 Apocalypsis

84 2848 169 2913 quos
189 2827 294 2895 libres
312 2827 540 2914 Stuttgardiae
561 2829 597 2893 in
619 2851 729 2895 meum
752 2851 847 2895 usum
870 2852 913 2895 ex
933 2830 1121 2896 Lcrckiano
1142 2827 1323 2911 exemplari

84 2913 229 2981 contulit
249 2914 440 2981 Bernardus
462 2916 595 2982 ankel
616 2915 678 2980 Ph.
702 2914 744 2980 D.
767 2916 821 2982 vir
842 2915 1108 2982 humanissimus.

173 3000 313 3065 Praeter
334 3008 464 3066 textum
491 3022 646 3085 graecum
668 3001 772 3067 editor
799 3003 836 3066 in
862 3003 965 3068 altera
993 3002 1145 3068 columna
1172 3000 1323 3066 sinistrae

83 3085 229 3170 paginae
250 3085 406 3153 describit
427 3089 611 3154 versionem
635 3089 841 3173 anglicanam
870 3096 1044 3172 receptam,
1073 3086 1129 3154 sed
1159 3086 1201 3151 ad
1229 3107 1322 3151 men-

84 3180 155 3238 tem
177 3172 347 3258 archetypi
369 3172 483 3239 661616
504 3182 693 3240 correctam.
740 3172 904 3239 Dextram
926 3176 1082 3259 paginam
1110 3173 1236 3239 obtinet
1264 3194 1322 3255 pa-

84 3257 256 3341 raphrasis
279 3258 407 3343 anglico
429 3280 579 3325 sermone
601 3259 798 3342 conscripta;
827 3262 1011 3345 marginem
1033 3261 1203 3341 utriusque
1230 3259 1322 3343 pagi-

84 3365 151 3409 nae
172 3344 361 3410 inferiorem
384 3353 545 3429 occupant
566 3346 795 3411 annotationes
818 3347 949 3412 criticae
971 3355 1004 3411 61
1025 3345 1219 3429 exegeticae.
1255 3343 1323 3410 Ad·

85 3428 214 3495 duntur
234 3431 395 3513 quaedam
417 3430 663 3499 dissertationes
685 3432 825 3498 maiores
847 3432 995 3499 historici
1016 3440 1049 3498 61
1071 3431 1243 3516 theologici
1269 3451 1322 3496 ar·

83 3515 245 3601 gumenti.
1065 3570 1069 3575 .

29 3664 37 3679 ‚
172 3603 318 3668 'sextum
338 3602 447 3685 ipsum
470 3602 511 3666 ad
532 3603 631 3669 fidem
653 3603 799 3670 codicum
827 3604 1039 3670 emendatum
1061 3602 1225 3687 promittit
1246 3622 1321 3668 nos-

83 3692 139 3753 rer
158 3693 209 3768 61,
241 3688 271 3754 61
293 3706 369 3753 eum
389 3689 533 3772 primum
551 3691 651 3755 fuisse
674 3689 934 3756 consideraveris
956 3690 1012 3772 qui
1030 3689 1097 3755 1616
1119 3688 1242 3771 aliquid
1263 3710 1321 3753 au·

83 3771 178 3839 deret
199 3781 277 3859 post
297 3774 428 3855 Besam,
451 3796 518 3840 non
540 3777 715 3842 infeliciter
737 3777 841 3860 egisse
870 3775 1035 3860 putandus
1065 3783 1122 3841 661.
1169 3775 1244 3840 Non
1272 3782 1321 3840 ta-

83 3859 220 3926 manin
241 3861 395 3928 omnibus
422 3863 570 3945 partibus
592 3884 693 3945 aeque
715 3862 871 3929 audacter
893 3884 964 3928 rom
993 3862 1167 3947 adgressus
1196 3861 1320 3927 sensim

82 3946 194 4011 rarius
229 3945 403 4013 lectionem
442 3956 606 4031 receptam
645 3949 835 4014 sollicitavit
875 3958 1047 4033 postquam
1084 3950 1119 4013 in
1156 3947 1321 4031 prioribus

82 4032 182 4097 tomis
205 4033 396 4117 saepissime
419 4054 539 4100 novam
563 4035 706 4117 aliquam
728 4036 872 4100 maxime
894 4035 1038 4100 aMillio
1059 4032 1321 4100 commendatam

82 4116 138 4185 vel
160 4118 278 4184 saltam
299 4140 343 4184 ex
364 4118 462 4185 huius
489 4120 592 4203 copiis
612 4121 750 4204 petitam
773 4128 806 4186 et
828 4120 1039 4187 diiudicatum
1067 4119 1199 4203 vulgari
1227 4140 1321 4201 prae-

81 4202 214 4270 tulerat
257 4204 311 4270 Ita
331 4206 454 4270 factum
475 4213 527 4271 661
553 4207 646 4271 utin
677 4207 824 4289 661616116
854 4213 965 4272 textus
998 4206 1101 4272 multo
1132 4205 1320 4288 castigatior

82 4288 296 4355 exhiberetur
318 4312 418 4374 quam
439 4291 589 4357 inlibris
612 4292 786 4375 historicis,
817 4314 834 4357 e
861 4291 978 4375 quibus
1001 4292 1193 4357 Matthaeus
1221 4291 1319 4357 raris·

82 4374 176 4455 sime,
202 4377 322 4441 caeteri
350 4377 419 4442 sere
446 4399 615 4460 nunquam
643 4380 795 4444 criticum
824 4380 965 4444 auctoris
995 4389 1134 4445 acumen
1163 4398 1319 4442 exercue-

80 4467 174 4526 runt
228 4460 281 4526 Ab
300 4460 517 4528 'Ellaoviriano
546 4471 642 4529 textu
669 4465 748 4531 locis
779 4468 840 4526 110
873 4463 995 4530 recedit
1022 4464 1127 4529 editor
1157 4462 1207 4547 (in
1234 4465 1317 4547 Epp.

84 4547 157 4625 121,
178 4546 215 4611 16
235 4547 337 4631 Apoa
362 4554 413 4627 41,
435 4549 470 4613 in
492 4550 612 4615 Matth.
636 4554 683 4629 19,
705 4550 740 4615 16
766 4550 904 4616 caeteris
930 4550 1097 4616 historicis
1117 4548 1173 4631 18)
1191 4556 1225 4613 61
1246 4550 1318 4634 qui·

80 4628 159 4698 dam
180 4632 228 4697 ita
248 4640 287 4698 ut
306 4633 463 4701 lectiones
483 4656 503 4700 a
521 4635 660 4704 Wellsio
681 4644 832 4720 receptae
856 4637 925 4703 iere
946 4657 1060 4703 omnes
1082 4658 1102 4701 a
1122 4635 1244 4702 enticis
1267 4657 1319 4702 re·
