3000 5024
102 253 139 309 w
482 250 958 309 narmonnssrnrnamoan.
1295 257 1335 319 57

101 424 319 510 suspieentur.
369 422 465 491 Idem
486 425 655 492 Masohius
681 430 816 509 propter
843 423 900 490 illa
927 423 1151 491 additamenta
1173 431 1207 491 et
1227 431 1338 491 textus

101 511 302 597 peouliarem
322 512 589 597 recognitionem,
619 511 659 576 de
680 531 745 593 qua
766 517 898 577 autores
920 511 1017 593 plura
1042 517 1076 576 et
1103 513 1215 590 nimia,
1246 510 1336 578 Oris·

100 599 269 682 pinianum
292 598 474 663 editionum
502 597 658 662 familiam
685 597 821 662 seorsim
846 604 1002 662 recenset.
1047 597 1220 663 Immerito
1246 618 1335 662 sane.

101 686 381 834 (lextluetnostrae
403 682 595 766 simplieiter
616 704 657 748 ex
680 681 842 766 Stephani
863 684 962 748 155115
984 683 1175 766 descriptus,
1198 684 1336 748 mutatis

100 792 161 836 sex
196 790 277 836 oore:

235 861 262 920 1.
284 854 404 921 Matth.
429 858 458 935 6,
483 860 511 922 6.
534 860 652 934 ταμεῖον
673 854 802 919 Erasm.
822 854 875 935 (P.
900 855 977 936 277)

233 943 261 1004 3.
285 941 404 1006 Matth.
430 943 479 1021 31,
504 929 864 1017 71555513555511551).

233 1031 261 1091 3.
284 1026 404 1091 Matth.
431 1029 479 1103 24,
504 1032 552 1090 31.
575 1029 626 1088 nal
647 1027 746 1108 φωνῆς
769 1046 810 1089 ex
834 1024 947 1108 Steph.
971 1024 997 1089 I.
1022 1024 1079 1109 (G.
1104 1025 1160 1109 47)

234 1115 262 1176 4.
286 1112 367 1177 Lao.
393 1115 421 1190 2,
445 1115 494 1177 20.
519 1110 706 1195 ὑπέστρεψαν
727 1133 770 1176 ox
792 1111 860 1176 ead.
885 1110 938 1176 vel
958 1111 1014 1176 Er.
1040 1111 1109 1191 (W.
1135 1112 1188 1192 11)

233 1198 368 1264 51155.
396 1203 442 1276 17,
467 1202 516 1263 36.
540 1196 613 1262 add.
635 1218 777 1262 versum.
802 1219 845 1262 ex
867 1196 982 1279 Steph.
1005 1196 1065 1261 IV.
1090 1197 1163 1281 (11)

233 1286 262 1346 6.
284 1283 332 1348 Io.
361 1290 406 1362 14,
433 1290 459 1364 1,
483 1283 555 1350 add.
578 1287 630 1345 καὶ
652 1278 716 1345 εἶπε
739 1290 814 1348 5511.
837 1284 964 1348 1155555.
988 1283 1040 1366 (Ρ.
1063 1284 1148 1363 281).

188 1369 243 1436 Ad
270 1390 354 1451 quae
381 1368 551 1436 effiaiendo
583 1368 694 1434 horale
723 1367 870 1434 oodioum
897 1389 973 1433 mss.
1008 1370 1129 1433 auxilio
1155 1388 1238 1452 opus
1269 1390 1336 1434 non
1433 1408 1436 1415 ·

101 1462 183 1522 erat.
220 1454 315 1521 Addo
337 1455 359 1521 l.
386 1461 412 1522 1.
435 1457 507 1521 Pet.
532 1459 561 1532 3,
576 1442 612 1519 ’7.
636 1455 720 1520 vitio
740 1456 898 1537 seriptum
920 1474 991 1519 esse
1012 1457 1089 1533 ξωῆς
1110 1454 1197 1538 quod
1218 1455 1253 1519 in
1276 1455 1336 1519 tri·

101 1541 165 1608 bus
188 1540 386 1608 editionibus
407 1541 557 1625 proxime
578 1539 750 1606 laudandis
772 1540 924 1623 religiose
946 1547 1109 1606 servatur.

354 1744 426 1808 17.*
469 1752 608 1810 TIGURI
625 1771 669 1826 ap.
688 1753 908 1808 marcomanos.
944 1750 1033 1808 1559.
1057 1751 1085 1811 8.

190 1881 344 1950 Seounda
364 1884 583 1951 Frosohoveri
613 1885 719 1950 editio.
763 1885 915 1950 Priorem
936 1884 1013 1948 vide
1041 1903 1143 1967 supra
1171 1883 1208 1946 in
1228 1883 1335 1948 Bebe-

100 1971 208 2035 lianis.
252 1970 345 2035 Haeo
367 1977 516 2036 aaeurate
539 1971 580 2036 ad
602 1969 846 2054 crispinianum
869 1991 1024 2053 expressa
1046 1978 1114 2034 tam
1136 1968 1242 2051 quoad
1263 1975 1335 2032 tex-

101 2065 175 2120 tum
197 2077 296 2138 quam
318 2056 425 2138 quoad
448 2056 679 2122 additamenta.
724 2058 828 2122 Abest
850 2064 960 2122 tamen
978 2057 1135 2139 praefatio
1158 2062 1191 2119 et
1212 2056 1248 2118 in
1269 2056 1337 2119 fine

101 2140 272 2207 adduntur
296 2143 444 2209 earmina
465 2164 584 2226 graeca
604 2143 863 2227 Evangelio'rum
884 2143 1030 2208 Aotuum
1057 2151 1091 2207 et
1111 2141 1336 2224 Epistularum

99 2226 216 2293 laudes
239 2229 399 2294 oanontia.
445 2228 629 2295 Observavi
651 2238 718 2294 tres
741 2229 896 2295 leotiones
919 2250 999 2310 quas
1021 2228 1131 2294 neseio
1153 2248 1267 2292 omnes
1296 2224 1336 2291 de

99 2315 267 2397 proposito
289 2334 332 2380 an
354 2334 431 2380 oasu
454 2315 563 2379 illatas
586 2314 739 2380 dixerim:
762 2315 809 2379 Io.
836 2319 862 2393 l,
886 2318 936 2379 28.
961 2315 1018 2399 (G.
1044 2313 1100 2400 64)
1127 2315 1282 2396 βηθβαρᾶ,
1309 2317 1334 2376 l.

100 2400 187 2465 lim.
209 2405 239 2481 4,
263 2404 288 2465 1.
311 2401 358 2485 (J.
383 2400 473 2484 118):
496 2398 641 2480 πνεύματι
657 2400 791 2480 πλάνοις,
811 2406 843 2466 51
864 2404 889 2464 1.
909 2401 980 2467 Ρ51.
1001 2405 1030 2479 2,
1056 2405 1084 2465 3.
1106 2397 1226 2485 χριστὸς
1246 2397 1334 2483 (Ui).

351 2609 419 2668 18.1
463 2610 602 2669 TIGURI
619 2630 664 2685 ap.
688 2613 911 2668 Fboeobooerum.
945 2608 1033 2667 1566.
1065 2610 1092 2667 8.

187 2743 330 2809 Textum
362 2743 586 2825 praecedentis
623 2764 700 2808 oum
730 2745 799 2810 suis
828 2745 957 2810 mendis
991 2743 1160 2821 describit,
1202 2742 1337 2826 corrigit

98 2835 214 2895 tamen
241 2834 267 2894 l.
291 2829 374 2893 rim.
399 2833 429 2906 4,
459 2829 666 2907 lasciuum.
710 2830 823 2896 Facile
846 2831 1061 2914 distinguitur
1082 2849 1102 2893 a
1123 2827 1336 2912 praeoodonte

94 2914 250 2996 eoquod
277 2915 349 2980 laea
374 2914 534 2995 parallelo
562 2916 704 2998 margini
732 2917 834 2981 latine
862 2916 1026 2994 adscribit,
1055 2935 1138 2998 quae
1163 2918 1199 2978 in
1227 2915 1335 2998 priore

96 3019 216 3086 graece
245 2999 490 3066 exhibebantur.
541 2999 697 3066 Possideo
727 3003 859 3067 tertium
888 3001 1057 3084 exemplar
1077 3001 1114 3065 in
1135 3021 1198 3082 quo
1226 3001 1335 3064 neseio

98 3106 166 3170 quo
187 3105 266 3152 oasu
292 3086 427 3170 plagula
454 3087 561 3169 prima
589 3087 648 3172 (a.)
682 3108 722 3151 ex
756 3088 818 3153 hae
846 3088 962 3152 ultima
991 3086 1134 3151 editione
1163 3085 1335 3168 desumpta

96 3178 161 3251 est,
183 3179 331 3238 eaeterae
348 3192 463 3238 omnes
484 3171 630 3256 (b—Aa)
653 3194 694 3237 ex
715 3173 774 3239 illa
800 3173 952 3238 seeundo.

347 3375 417 3442 la*
434 3379 628 3440 BASILEAE
642 3402 695 3457 per
711 3386 775 3441 Nio.
793 3387 919 3457 Brpiioq.
956 3382 1043 3442 1563.
1064 3382 1091 3440 3.

187 3515 252 3580 1151
268 3514 350 3580 haee
372 3516 486 3598 quinta
502 3516 693 3600 Brylingeri
712 3538 801 3583 mere
823 3538 939 3603 graeca
957 3517 1072 3597 editio;
1094 3517 1219 3599 priores
1236 3539 1336 3601 supra

96 3602 137 3665 in
159 3598 233 3666 aliis
253 3601 387 3666 familiis
408 3601 593 3667 habuimus.
637 3603 797 3668 Fideliter
825 3625 871 3682 55,
902 3627 968 3669 non
996 3625 1037 3668 ex
1061 3601 1270 3686 Crispiniana
1296 3611 1335 3668 ut

95 3684 183 3752 viris
205 3685 307 3752 dootis
329 3688 445 3765 visum,
475 3687 531 3752 sed
555 3708 597 3752 ex
620 3690 780 3773 {ligurina
801 3711 828 3754 a.
862 3695 943 3754 1559
973 3689 1136 3771 descripta
1164 3698 1213 3754 551
1242 3691 1335 3756 ouius

95 3792 214 3838 omnes
235 3772 417 3855 psouliares
436 3773 591 3839 leotiones
610 3797 667 3840 seu
689 3776 798 3858 potius
818 3783 928 3842 errata
949 3776 1094 3841 retinuit.
1127 3774 1167 3838 In
1189 3776 1210 3841 l.
1232 3777 1333 3842 Maro.

97 3862 132 3937 6,
148 3861 199 3923 33.
212 3857 312 3925 habet
323 3858 407 3923 illud
420 3859 569 3942 pluribus
583 3861 848 3946 Brylingerianis
861 3882 1034 3928 commune
1047 3863 1222 3947 προσῆλθον
1234 3862 1277 3945 (β.
1288 3862 1333 3946 4).

307 4062 379 4126 303*
411 4068 567 4126 LIPSIAE
584 4073 615 4126 ia
632 4073 746 4142 offiano
772 4074 942 4144 Voepeiiooo.
975 4071 1065 4130 1563.
1101 4072 1127 4129 8.

187 4196 256 4280 Qui
282 4199 323 4266 de
351 4202 413 4267 hao
440 4201 581 4268 editione
610 4207 814 4288 seripserunt
841 4204 1121 4290 Baumgartenius
1146 4205 1182 4268 in
1212 4204 1332 4269 Naohr.

95 4284 161 4350 IV.
187 4288 263 4366 1083
286 4286 427 4354 Goezius
454 4309 486 4372 p.
509 4293 567 4369 46,
595 4291 765 4357 Masehius
787 4315 818 4377 p.
843 4296 921 4372 220,
950 4290 1219 4357 Rosenmtlllerus
1248 4290 1275 4354 Ι.
1300 4312 1332 4373 p.

97 4372 163 4437 299
187 4391 301 4438 omnes
323 4373 364 4439 ad
387 4395 414 4440 a.
441 4379 522 4439 1564
544 4376 701 4441 referunt.
746 4375 834 4443 Sane
858 4378 912 4443 hio
934 4379 1011 4444 anni
1033 4396 1191 4441 numerus
1212 4376 1335 4459 legitur
1434 4434 1444 4445 .

95 4458 135 4523 in
157 4457 254 4537 55155,
278 4458 393 4524 sedin
415 4461 521 4527 fronte
539 4483 647 4526 meum
671 4463 802 4544 quidem
821 4466 999 4549 exemplar,
1022 4461 1158 4528 Lorokii
1181 4468 1333 4546 autogra-

93 4543 164 4628 pho
185 4542 325 4628 insigne,
348 4545 502 4613 distinete
524 4548 659 4630 praebet
679 4553 769 4614 1563.
815 4551 947 4615 Absunt
971 4549 1127 4615 earmina.

22 4630 25 4635 ’
185 4627 343 4717 Sequitur
362 4631 612 4717 praesedentom
634 4635 718 4701 siout
739 4643 772 4701 et
793 4636 870 4702 alibi
893 4635 990 4722 (Gap.
1011 4635 1076 4702 71.
1097 4638 1118 4722 t
1135 4635 1174 4717 1)
1193 4633 1346 4700 neoresi-
