3000 5024
60 229 92 289 X
323 229 520 290 numerus
539 233 1024 294 sturmo-stznmrtln.
1234 242 1294 303 159

58 436 128 481 non
150 415 263 499 potuit
307 415 490 500 Exemplar
514 432 605 478 mero
632 433 786 495 graccum
813 412 980 477 variantes
1008 411 1042 476 iu
1067 411 1217 495 margine
1243 411 1295 476 in-

57 502 181 567 feriore
211 502 349 587 integris
382 501 480 568 lineis
514 501 575 566 sub
608 506 748 581 utraque
780 500 933 563 columna
974 498 1123 574 exhibet,
1164 519 1297 583 graeco·

57 589 286 672 germanicum
303 587 345 655 ad
356 588 444 654 latus
461 593 573 653 textus
593 585 702 670 graeci
713 584 892 669 sigillatim.
921 586 1047 650 Textus
1058 585 1298 651 Reiueocianus

58 695 104 740 ex
130 673 275 740 editione
306 674 433 740 minori.
483 673 714 739 Praemittitur
747 672 860 738 tabula
892 671 1138 755 evangeliorum
1165 670 1297 736 harme-

56 761 179 828 nistica
207 770 240 828 et
267 760 397 828 collatio
425 757 576 826 editionis
608 758 707 825 huius
736 768 770 824 et
798 757 1022 841 Bengelianae
1052 780 1128 825 cum
1155 757 1298 824 Lutheri

57 853 168 913 textu.

58 1040 137 1103 89st
180 1039 441 1098 DE'PMOLDIAE
462 1049 488 1097 et
504 1042 702 1111 Meyeaberpoe
719 1056 753 1095 ec
770 1040 816 1110 off.
833 1040 960 1106 fratrum
978 1041 1110 1112 Hclwiug.
1146 1041 1236 1101 1787.
1268 1041 1295 1102 8.

120 1127 138 1164 ⁴⁸
180 1127 436 1186 DUISBURGAE
454 1136 481 1184 et
498 1129 652 1184 Esceude'oe
669 1128 821 1200 sumptibus
838 1128 984 1183 Bocdelcer
1001 1136 1027 1183 et
1045 1128 1075 1183 0.
1107 1126 1197 1187 1804.
1229 1127 1258 1186 8.

147 1261 235 1349 Typi
261 1263 303 1329 iis
332 1260 457 1329 similes
490 1260 608 1344 quibus
636 1257 931 1344 Schcettgenienue
964 1258 1125 1325 editiones
1157 1282 1296 1327 excusae

56 1355 148 1417 sunt
203 1349 327 1415 Textus
360 1348 459 1414 lineis
492 1347 631 1431 integris
663 1348 856 1430 exscriptus.
911 1345 1077 1412 Praefatio
1105 1347 1298 1415 brevissima

56 1434 217 1516 ἀνώνυμος
237 1435 439 1519 Lemgoviae
463 1434 599 1517 scripta,
628 1441 742 1517 postea
763 1434 864 1500 verbe
891 1443 989 1498 tenus
1011 1431 1223 1518 Duisburgae
1245 1455 1297 1499 re·

55 1523 171 1606 petita
217 1522 342 1589 nortus
363 1521 604 1587 Reineccianus
627 1541 668 1584 ex
691 1518 834 1585 editione
860 1519 989 1584 minori.
1035 1519 1157 1602 Reperi
1186 1536 1296 1587 temen

56 1607 322 1675 emendationem
350 1607 558 1675 arbitrariam
586 1607 650 1689 Ap.
682 1611 714 1684 7,
749 1611 796 1671 14.
826 1607 899 1685 (L0)
929 1604 1085 1669 ἐλεύκαναν
1112 1604 1164 1680 τὰς
1191 1605 1297 1682 στολὰς

56 1717 169 1761 «ΝΜ.

321 1955 345 2037 §.
370 1955 398 2017 8.
443 1949 607 2018 EDI'PIO
628 1949 1029 2020 RUDDIMANORUM.

154 2145 204 2206 90.
247 2146 468 2206 EDINBURGI
485 2166 531 2222 op.
552 2149 646 2204 11000
664 2156 690 2202 et
716 2149 796 2205 Wolt.
814 2149 1017 2205 Ruddimouoe.
1053 2148 1143 2210 1740.
1174 2148 1203 2210 8.

143 2280 345 2349 Examinavi
379 2280 546 2364 exemplar
578 2279 806 2347 Lorckianum
840 2280 1070 2365 Stuttgardiee
1103 2288 1296 2366 textumque

60 2366 205 2432 mixtum
225 2366 343 2449 reperi,
367 2387 464 2451 quem
485 2367 764 2452 Baumgertenius
786 2367 908 2432 Nachr.
931 2367 975 2433 X.
1001 2372 1061 2430 377
1090 2368 1296 2436 0000011100-

61 2453 228 2520 vitianum
249 2452 337 2518 dicit.
376 2453 585 2519 ¹Posteriores
607 2474 686 2519 sane
708 2453 806 2520 huius
828 2454 977 2521 officinae
998 2453 1074 2519 libri
1094 2454 1173 2522 illuc
1196 2456 1296 2538 perti-

62 2547 154 2605 nent:
177 2538 254 2606 vide
276 2560 376 2623 supra
398 2538 478 2624 Cap.
501 2539 564 2604 XI.
592 2539 688 2624 §ult
734 2540 866 2606 Adsunt
895 2541 1057 2607 lectiones.
1077 2539 1296 2625 Stephanicse

63 2626 93 2691 in
113 2629 145 2712 §§
167 2625 438 2711 praecedentibus
459 2633 660 2692 memoratae
678 2625 861 2692 duedecim:
886 2633 912 2706 ξ.
938 2631 965 2692 6.
990 2631 1019 2692 8.
1045 2632 1072 2692 9.
1099 2635 1146 2692 11.
1173 2633 1223 2694 13.
1248 2632 1296 2693 16.

66 2717 108 2778 18.
133 2716 185 2780 00,
211 2715 260 2779 tt.
285 2716 335 2777 23.
361 2717 410 2777 05.
435 2715 484 2777 32.
525 2711 653 2794 Quibus
675 2712 834 2780 accedunt
855 2722 924 2780 tres
947 2714 1044 2780 aliae:
1066 2719 1092 2793 ξ.
1118 2721 1145 2780 5.
1172 2720 1219 2781 17.
1246 2717 1294 2780 21.
1375 2713 1379 2720 '

66 2905 137 2964 u.»
181 2905 392 2966 suissuis
416 2890 451 2965 0
469 2908 850 3053 000001105ἑο0080000
868 2910 978 2966 vesus
1004 2907 1062 2984 [00]
1082 2927 1127 2983 ap.
1146 2912 1171 2965 r.
1189 2913 1294 2984 000.

98 3187 124 3282 d.
145 3129 249 3281 Tgpis
277 3127 486 3209 minusculis,
517 3128 667 3213 margine
697 3128 816 3195 latiori.
867 3130 992 3196 [Portus
1020 3128 1109 3195 idem
1136 3150 1174 3197 00
1200 3151 1293 3214 proe-

64 3235 96 3282 ce
119 3237 162 3283 en
188 3236 214 3282 s.

82 3409 158 3469 88.11
201 3407 340 3468 OXONII
357 3426 372 3466 e
389 3410 497 3467 theatro
514 3409 702 3467 Sbcldoniauc
718 3411 847 3485 imperaris
864 3412 900 3466 E.
918 3412 1088 3483 Brouqbtoc.
1120 3413 1209 3474 1742.
1242 3414 1270 3477 8.

143 3544 290 3609 Textum
316 3543 431 3608 titulus
458 3544 646 3609 Millianum
676 3544 770 3621 dicit,
804 3545 1102 3628 interpunctionem
1131 3547 1290 3633 Bengclii.

61 3627 175 3696 Editor
202 3629 304 3696 fuisse
333 3630 453 3697 dicitur
475 3630 678 3697 Gamboldus
704 3632 844 3696 fratrum
866 3631 1079 3697 Mortuerum
1108 3634 1288 3718 episcopus.

62 3713 186 3783 Verum
217 3715 303 3781 libro
334 3717 521 3782 examinato
553 3718 694 3802 cognovi
724 3723 853 3782 textum
884 3718 1024 3783 mixtum
1057 3740 1127 3785 esse
1159 3727 1192 3786 et
1223 3721 1293 3786 fere

65 3802 201 3868 eundem
221 3803 278 3886 qui
300 3811 333 3869 et
349 3802 385 3867 in
403 3803 679 3885 praecedentibus.
714 3803 800 3870 Cum
818 3803 1085 3871 Ruddimaniana
1103 3828 1293 3874 communes

63 3885 158 3955 babet
184 3889 355 3956 lectiones:
389 3893 413 3967 ξ.
445 3895 472 3954 5.
502 3895 530 3955 8.
556 3895 584 3955 9.
618 3895 662 3956 13.
689 3894 736 3956 18.
766 3895 815 3956 20,
840 3893 889 3955 21.
914 3893 963 3956 03.
987 3893 1035 3956 55.
1068 3895 1116 3957 32.
1162 3892 1292 3974 Quibus

67 3972 150 4041 addit
171 3975 392 4060 Stephanices
413 3981 438 4055 ξ.
467 3982 492 4040 1.
516 3981 543 4041 4.
572 3982 617 4041 14.
645 3981 683 4039 35
708 3986 740 4042 00
762 3976 883 4043 Buckii
909 3983 934 4042 1.
960 3982 988 4042 5.

101 4168 177 4230 93.11
220 4170 387 4230 LONDINI
404 4173 671 4245 10000000εωί000,
684 4181 811 4245 proriam
828 4191 872 4246 up.
891 4172 920 4228 S.
937 4173 1051 4230 Blodou
1068 4174 1153 4248 (typis
1171 4173 1248 4232 duit.

366 4261 543 4316 Rioburdroc
560 4269 586 4316 01
603 4259 678 4315 Sum.
698 4260 803 4330 aare).
834 4259 923 4319 1768.
954 4259 981 4320 8.

62 4470 72 4486 ·
143 4390 255 4459 Editio
282 4392 430 4459 Meschio
464 4393 585 4478 ignote.
637 4391 755 4456 Editor
786 4392 848 4457 fuit
876 4390 1011 4458 Samuel
1040 4393 1155 4479 Hardy
1184 4402 1223 4460 ut
1249 4416 1289 4463 ex

37 4474 310 4547 occlusum
334 4486 427 4545 etex
445 4480 590 4547 Dibdino
612 4479 698 4545 novi.
730 4478 766 4544 Is
789 4478 911 4545 scholia
933 4478 1114 4562 theologica
1136 4490 1168 4546 et
1185 4482 1291 4564 philo·

26 4547 164 4648 logica
188 4587 231 4632 ex
253 4567 354 4631 variis
373 4566 607 4650 interpretibus
636 4564 772 4631 collecta
795 4566 903 4631 textui
925 4567 1061 4631 subiecit
1087 4568 1122 4630 iu
1148 4569 1291 4651 gratiam

16 4650 238 4719 Studioeae‘
255 4652 448 4720 iuventutis.
503 4651 719 4738 Epigraphen
756 4652 846 4738 operi
884 4651 975 4719 dedit
1012 4672 1057 4718 ex
1091 4655 1300 4740 Augustino.
