3000 5024
615 1442 733 1500 CAPUT
750 1443 801 1500 1x.

157 1612 518 1714 EDITIONES
545 1612 1243 1754 STEPHANo-BEZANAE.

170 1923 245 1990 Iam
264 1922 354 1986 inter
376 1942 432 1987 eas
455 1918 613 1987 editiones
635 1942 715 2006 quas
738 1921 780 1987 ad
796 1923 954 1989 familiam
971 1925 1138 1990 Beaanam
1159 1924 1325 2008 pertinere

11 2043 15 2052 ·
39 2083 41 2087 ,
73 2009 157 2076 dixi
176 2008 337 2094 plurimae
360 2016 455 2072 erant
476 2027 558 2091 quae
575 2007 713 2074 lectione
734 2010 867 2075 Bouana
888 2009 967 2077 hinc
988 2010 1066 2076 inde
1088 2031 1123 2074 re
1148 2010 1261 2076 udiata
1283 2010 1325 2076 ad

82 2103 231 2166 veterem
245 2092 491 2177 Stephanicam
514 2093 568 2160 vel
590 2115 672 2177 quae
693 2096 885 2180 plerumque
899 2096 1012 2162 eudem
1026 2097 1157 2162 erutEr
1178 2096 1323 2177 smicam,

81 2181 193 2249 redire
210 2181 409 2246 meluerunt
443 2181 511 2246 Vix
529 2179 570 2245 ab
591 2180 633 2246 iis
651 2180 809 2247 differunt
826 2182 909 2247 aliae
933 2203 1073 2266 quarum
1094 2202 1184 2247 nuno
1205 2183 1324 2248 seriem

104 2269 180 2335 uasi
206 2287 327 2335 novam
355 2266 497 2350 aliquam
523 2266 682 2332 familiam
705 2269 975 2335 constituentium
1004 2270 1212 2352 expositurus
1240 2290 1323 2334 sum.

152 2352 234 2419 reim
254 2353 315 2419 has
334 2352 492 2419 collocavi
513 2353 591 2435 quia
614 2375 731 2419 revera
753 2353 795 2419 ud
813 2351 1031 2439 Stephanicas
1054 2376 1227 2439 expressae
1246 2361 1325 2421 sunt

82 2439 233 2525 equibus
254 2447 329 2505 ute
351 2440 441 2505 fonte
457 2458 517 2506 suo
529 2439 730 2520 derivantur,
753 2441 814 2507 hoc
832 2448 943 2507 tamen
960 2449 1056 2525 pacto
1077 2450 1115 2508 ut
1136 2441 1233 2507 modo
1251 2440 1325 2525 plu·

49 2573 54 2580 -
80 2548 136 2594 res
158 2524 255 2593 modo
276 2526 447 2610 pauciores
473 2524 630 2592 lectiones
652 2546 672 2590 a
692 2526 781 2592 Beza
801 2529 946 2612 primum
971 2529 1125 2613 vulgatas
1151 2528 1323 2611 recipiant.

81 2614 196 2682 Etiam
218 2611 273 2678 hic
295 2632 416 2697 magna
444 2611 649 2695 singularum
672 2615 825 2691 varietus,
854 2613 1014 2699 adquam
1044 2615 1073 2680 si
1101 2615 1188 2680 iuste
1216 2622 1325 2679 atten-

82 2699 296 2854 ᾱοὲιέωιίεθᾳᾳθ
317 2700 426 2783 eliqua
451 2697 603 2766 libertate
624 2699 660 2764 in
678 2700 849 2768 tractando
871 2707 967 2768 textu
989 2722 1066 2768 usos
1088 2722 1160 2768 esse
1182 2699 1324 2767 editores

18 2812 22 2818 ·
81 2808 120 2855 eo
243 2805 299 2852 ns.

443 3046 511 3129 μ.
554 3042 717 3112 nurno
734 3045 963 3113 ueneror.

300 3239 326 3296 1.
371 3235 448 3314 [Siue
464 3236 532 3313 loco]
551 3232 635 3318 παρὰ
656 3233 750 3298 Educ.
773 3233 931 3315 Οὖιγνῶνι.
967 3257 995 3324 ᾳ.
1004 3258 1035 3316 φ.
1044 3257 1068 3295 ο.
1077 3230 1105 3294 δ’
1106 3277 1115 3295 .

499 3323 528 3399 [a.
546 3343 569 3382 ο.
587 3323 714 3383 cauea
734 3325 836 3402 itas]
863 3323 910 3386 16.

171 3473 255 3542 Fuit
281 3473 335 3541 hic
360 3472 556 3540 Eustathius
586 3476 723 3561 Vignon
749 3475 886 3542 Ioannis
915 3474 1062 3557 Orispini
1090 3492 1193 3557 gener
1220 3477 1254 3537 et
1281 3493 1324 3538 ex

82 3562 359 3631 sociosuccessor.
391 3558 494 3626 (iuius
516 3581 668 3645 graecam
688 3563 924 3646 praefationem
947 3561 1001 3626 hic
1015 3561 1123 3625 denuo
1141 3558 1322 3642 praemisit.

82 3649 256 3716 Maschius
277 3647 365 3714 hano
386 3645 565 3712 editionem
586 3647 760 3732 ignoravit,
788 3649 854 3713 imo
876 3668 974 3713 nemo
996 3667 1134 3730 usquam
1163 3651 1322 3710 recenset.

84 3734 184 3818 Quod
215 3735 253 3799 in
284 3733 488 3820 praefatione
515 3755 653 3817 sequens
685 3734 830 3801 secunda
855 3734 948 3799 audit
979 3731 1187 3818 typographo
1214 3730 1249 3796 id
1276 3732 1324 3796 ita

83 3822 295 3905 explicarunt
326 3828 366 3885 ut
396 3818 542 3904 Crispini
575 3820 752 3886 editionem
786 3843 814 3886 a
852 3824 932 3883 1565
965 3821 1106 3904 primam
1137 3824 1321 3883 numerent

83 3907 180 3974 Idem
203 3907 370 4007 diaschius
392 3913 506 3971 auctor
528 3913 578 3970 est
599 3906 845 4006 Vignonianam
868 3906 908 3972 ab
930 3906 989 4007 illa
1012 3904 1323 4004 Crispinianaunus·

83 3988 1324 4163 titt“ttltuittttttttatitulattrtlgtttttt

84 4166 210 4234 ibidem
235 4171 260 4230 'a
294 4163 431 4231 raritate
469 4165 717 4231 commendatur
751 4172 865 4248 utpote
903 4163 1054 4230 omnibus
1088 4161 1324 4246 bibliographis

83 4252 264 4338 incognita,
291 4259 325 4316 et
352 4257 469 4336 postea
495 4251 713 4316 Darmstadtii
740 4252 876 4317 unicum
904 4249 1073 4333 exemplar
1103 4245 1190 4330 quod
1216 4247 1324 4314 adhuc

83 4339 232 4406 nancisci
252 4337 346 4423 potui
363 4336 514 4403 manibus
532 4338 681 4405 tractavi.
711 4338 841 4403 Titulus
858 4358 996 4422 graecus
1015 4342 1073 4415 est,
1097 4330 1218 4398 adsunt
1233 4353 1326 4416 prae·

84 4433 138 4495 ter
158 4446 310 4512 graecam
329 4422 474 4508 Orispini
494 4424 732 4508 praefationem
751 4426 825 4508 βίοι,
852 4429 953 4502 πίναξ,
975 4442 1090 4489 versus
1107 4419 1324 4500 memoriales,

84 4513 127 4580 de
148 4512 269 4598 quibus
286 4510 440 4578 omnibus
467 4512 534 4577 iam
561 4512 641 4578 satis
663 4531 771 4596 supra.
816 4512 941 4577 Textus
970 4508 1152 4575 absolvitur
1177 4506 1231 4572 fol.
1263 4509 1324 4570 358

82 4619 192 4685 verso,
213 4604 253 4666 ut
272 4598 311 4667 iu
332 4595 543 4682 Orispiuiana
560 4597 712 4683 monada,
733 4598 782 4666 ita
801 4597 839 4665 in
859 4597 923 4667 hac
945 4604 980 4664 et
1000 4593 1231 4683 sequentium.

137 4704 239 4759 Boura,
250 4704 308 4749 mul.
318 4702 378 4747 Hori
390 4702 483 4747 Porum.
497 4704 579 4756 maol.
1084 4697 1105 4757 Ὶ
