3000 5024
712 1343 830 1398 GAPUT
846 1341 894 1398 XI.

353 1516 713 1617 EDITIONES
741 1515 1258 1617 ELZEVIRIANAE.

270 1829 344 1895 Iam
374 1825 630 1894 CLXXXVIII
662 1825 822 1892 editiones
853 1823 1017 1902 recensui,
1050 1822 1148 1908 longe
1178 1823 1290 1906 plures
1322 1843 1424 1906 quam

186 1936 270 1998 quae
299 1913 541 1981 enumerandae
572 1919 749 1996 supersunt
781 1931 884 1994 usque
911 1910 953 1976 ad
980 1908 1276 1976 Griesbaohianam
1301 1931 1330 1976 a
1357 1929 1424 1992 qua

186 2001 286 2084 vulgo
307 2000 481 2067 historiam
508 2007 620 2064 textus
649 1997 814 2065 emendati
841 1997 1005 2080 incipiunt
1025 1996 1146 2076 critici,
1173 2001 1305 2063 centum
1334 2001 1424 2063 octo·

186 2088 279 2171 ginta
300 2095 334 2154 et
355 2093 427 2152 octo
450 2086 588 2152 dicimus
611 2107 693 2168 quae
720 2083 930 2151 nullomodo
959 2083 999 2149 ab
1028 2082 1171 2155 editione
1192 2082 1424 2149 Eizevirorum

186 2194 214 2238 a.
241 2176 321 2235 1624
345 2193 464 2238 excusa
484 2170 864 2255 pendentquamqu'am
880 2170 1098 2254 quadraginta
1119 2166 1232 2236 aarum
1254 2169 1317 2234 hoo
1335 2188 1423 2235 anno

187 2260 384 2324 recentiores
407 2268 492 2324 sunt.
538 2257 648 2323 Simul
670 2258 710 2322 ad
733 2257 843 2322 oculos
866 2256 1088 2323 demonstravi
1117 2255 1222 2322 cuivis
1251 2276 1322 2321 rem
1350 2255 1423 2321 sine

187 2344 410 2429 praeiudicata
438 2345 589 2428 opinione
616 2343 807 2428 rependenti
834 2339 909 2409 illas
939 2343 1097 2409 editiones
1125 2341 1316 2427 plurimum
1335 2341 1424 2406 inter

187 2452 223 2496 se
251 2430 396 2509 differre,
426 2431 473 2496 ita
500 2428 632 2512 quidem
660 2437 696 2494 ut
724 2430 785 2494 vix
817 2430 913 2494 binae
940 2430 992 2495 vel
1021 2427 1134 2496 ternae
1163 2429 1250 2493 inter
1277 2447 1313 2494 se
1345 2447 1424 2493 con·

188 2517 324 2583 sordent
355 2516 407 2582 rel
440 2517 475 2580 in
504 2517 545 2581 iis
574 2523 704 2582 tantum
737 2516 817 2582 locis
847 2514 963 2598 quibus
1000 2516 1040 2581 ad
1069 2515 1279 2583 collationem
1314 2534 1423 2578 meam

186 2603 425 2668 instituendam
454 2623 534 2667 usus
568 2624 648 2667 sum.
712 2603 808 2667 Patet
839 2601 942 2685 igitur
973 2600 1149 2669 editionem
1181 2600 1422 2678 Elzevirorum,

187 2689 419 2772 qualiscunque
446 2689 516 2754 eius
549 2695 660 2754 textus
687 2689 800 2767 fuerit,
845 2687 916 2752 sine
944 2709 1042 2754 causa
1070 2691 1170 2755 talem
1198 2687 1314 2752 haberi
1339 2707 1423 2768 quae

187 2781 306 2842 tectam
333 2781 403 2841 oute
428 2774 666 2840 Gre'eebochc'um
692 2779 845 2855 receptam
872 2796 908 2840 re
937 2797 1016 2842 vera
1043 2779 1278 2859 repraesentet.
1324 2771 1423 2853 Quod

186 2884 252 2928 non
276 2861 382 2928 solum
404 2883 537 2944 prorsus
559 2881 732 2926 erroneum
755 2861 782 2924 si
804 2860 846 2925 ad
875 2862 1074 2944 antiquiores
1104 2860 1274 2939 retuleris,
1302 2879 1422 2926 verum

187 2950 285 3017 etiam
313 2947 418 3031 quoad
446 2947 605 3030 plurimas
632 2968 746 3012 aarum
773 2967 856 3029 quae
884 2968 1009 3013 annum
1040 2951 1120 3010 1624
1148 2952 1306 3030 sequutae
1334 2951 1422 3012 sunt

187 3035 283 3100 Adde
303 3033 389 3118 quod
410 3034 498 3100 inter
518 3032 590 3099 illas
608 3033 776 3100 variantes
798 3032 955 3100 lectiones
977 3055 1116 3117 quarum
1134 3057 1176 3100 ex
1193 3031 1314 3098 nostris
1331 3031 1424 3096 mille

186 3120 265 3186 locis
287 3121 409 3205 passim
431 3120 631 3185 mentionem
652 3119 797 3198 fecimus,
820 3119 930 3202 plures
958 3142 1018 3203 pro
1045 3142 1135 3187 mere
1157 3118 1341 3186 arbitrariis
1362 3118 1424 3182 ha·

186 3206 314 3272 bendere
326 3208 401 3286 sint,
425 3228 467 3272 ex
490 3228 553 3290 quo
570 3228 635 3272 non
653 3206 817 3271 immerito
836 3206 1015 3291 collegeris,
1037 3207 1195 3274 maiorem
1213 3211 1325 3270 textus
1342 3205 1424 3270 anti·

187 3294 299 3375 quitus
321 3293 491 3377 propagati
514 3293 775 3359 conformitatem
801 3313 867 3357 non
895 3315 938 3358 ex
960 3293 1029 3359 sola
1057 3295 1287 3379 theologorum
1308 3296 1425 3356 contra

187 3385 360 3444 novatores
381 3380 558 3444 tenacitate
580 3377 794 3444 derivandam
816 3399 896 3458 esse,
920 3379 977 3444 sed
999 3381 1107 3462 potius
1128 3403 1172 3446 ex
1193 3376 1295 3446 studii
1316 3375 1425 3443 critici

186 3464 410 3530 imbecillitate
433 3473 465 3530 et
486 3465 623 3547 penuria
644 3465 870 3530 subsidiorum.
916 3467 988 3530 Iam
1009 3466 1210 3547 videbimus,
1234 3463 1325 3548 quod·
1343 3484 1424 3528 sane

186 3552 302 3617 mirari
322 3551 436 3633 possis,
459 3557 588 3616 textum
609 3549 715 3616 indies
736 3552 844 3616 rarius
866 3558 1031 3617 mutatum
1058 3559 1091 3620 et
1117 3554 1153 3618 in
1179 3550 1332 3636 plurimis
1354 3547 1425 3614 edi·

186 3637 333 3702 tionibus
351 3636 563 3716 simillimum,
587 3638 736 3720 quamvis
754 3638 972 3703 subsidiorum
992 3640 1103 3721 copiae
1124 3639 1231 3724 magis
1250 3636 1425 3720 magisque

186 3730 379 3800 crescerent,
402 3730 436 3788 et
458 3723 564 3789 studio
586 3724 698 3788 critico
720 3725 830 3806 plures
852 3725 915 3791 viri
937 3725 1063 3808 primae
1080 3733 1177 3792 uotae
1194 3723 1426 3791 incumberent

186 3830 316 3876 summa
333 3830 409 3876 cum
428 3809 594 3875 alacritate
613 3816 647 3874 et
668 3810 804 3876 minime
822 3811 1004 3877 infeliciter.
1040 3810 1144 3878 Ouios
1161 3812 1211 3876 rei
1228 3829 1345 3877 causas
1362 3828 1424 3873 suo

185 3896 256 3962 loco
279 3896 476 3981 significabo.

273 3981 371 4063 Quod
403 3983 561 4056 editiones
588 3983 814 4048 Elzevirianas
846 3983 982 4049 seorsim
1010 3990 1154 4051 tractare
1185 3979 1355 4061 constitui,
1388 3981 1426 4046 id

186 4067 443 4152 haudquaquam
467 4092 506 4135 ea
527 4069 566 4135 de
589 4090 687 4135 causa
708 4069 828 4134 factum
858 4077 909 4136 est
930 4069 1017 4154 quod
1039 4071 1206 4153 familiam·
1219 4068 1341 4136 ducant
1362 4066 1425 4132 ali·

186 4176 284 4239 quam
307 4177 428 4223 novam
450 4162 483 4221 et
505 4179 524 4221 a
544 4156 705 4240 prioribus
726 4157 876 4221 omnibus
897 4157 994 4240 plane
1017 4155 1196 4238 diversam,
1224 4176 1343 4222 verum
1364 4173 1425 4237 pro

186 4242 257 4308 sola
278 4241 514 4322 commoditate,
538 4242 579 4309 ob
599 4263 758 4326 magnum
779 4263 955 4308 numerum
977 4244 1041 4310 huc
1058 4243 1294 4327 pertinentium
1312 4260 1425 4307 exem·

185 4328 329 4412 plarium
355 4335 403 4408 et,
432 4337 470 4394 ut
498 4330 608 4394 omnia
635 4328 755 4408 dicam,
789 4336 924 4412 propter
950 4330 1073 4396 famam
1100 4352 1165 4414 qua
1193 4329 1282 4414 apud
1302 4327 1425 4412 vulgus

186 4415 376 4481 criticorum
397 4414 551 4500 gaudent.
596 4416 722 4480 Textus
750 4415 839 4479 enim
860 4436 943 4499 pure
970 4423 1050 4499 pute
1071 4417 1226 4483 Beaanus
1248 4421 1312 4493 est,
1339 4413 1425 4479 nihil

185 4502 262 4567 novi
285 4501 367 4566 nihil
386 4501 525 4567 inauditi
546 4502 713 4579 exhibens,
738 4507 772 4567 et
788 4502 897 4568 minus
914 4523 1012 4585 saepe
1029 4524 1049 4569 a
1069 4523 1128 4570 suo
1146 4505 1235 4569 fonte
1253 4499 1425 4568 decedens

185 4607 284 4673 quam
304 4588 341 4656 in
360 4587 513 4671 plurimis
535 4587 735 4654 editionibus
754 4609 855 4673 supra
877 4589 1046 4658 recensitis
1067 4589 1103 4656 id
1123 4590 1248 4658 factum
1269 4589 1424 4657 observa-
