3000 5024
89 253 117 307 X
403 250 603 308 EDITIONES
620 251 1004 309 sumasne-suzanna.
1288 255 1328 317 tt

112 423 189 490 leue
206 422 367 506 ditemus,
395 448 415 492 a
434 426 644 511 Vignoniano
673 425 779 510 qualis
800 425 898 492 tortia
919 426 991 492 vioe
1012 427 1126 503 (1587)
1155 443 1331 509 expressus

146 516 199 577 rat
218 530 288 577 nno
309 516 440 578 tantum
461 512 532 580 looo
554 511 691 579 disoedit
712 509 816 592 (W‘l)

93 721 121 777 7.
168 721 246 797 [Sino
261 721 500 799 1000]me
523 726 563 781 lo.
581 727 616 781 de
636 726 758 781 Tmo-raas
782 733 808 780 at
826 725 884 779 lae.
910 726 946 780 da
962 725 992 779 la
1009 724 1117 780 Pism.
1156 720 1244 782 1632.
1281 720 1330 780 24.

176 853 291 921 Editio
312 856 480 924 rarissima
495 878 596 941 quam
618 857 652 922 in
674 859 770 924 unloo
789 856 971 942 exemplari
989 856 1144 923 Generae
1160 857 1198 922 in
1215 855 1331 922 biblio·

91 940 189 1009 theoa
206 942 340 1026 publiea
357 942 476 1009 detexi.
507 942 673 1010 Describit
691 966 764 1010 eam
781 943 895 1028 pauois
912 943 1190 1028 Baumgartenius
1208 942 1329 1009 Naohr.

89 1026 138 1094 Π.
163 1031 236 1109 472,
259 1028 428 1096 Masohius
449 1051 529 1097 vero
550 1029 577 1095 L
606 1035 664 1094 194
688 1037 813 1096 temere
834 1030 1050 1114 apographon
1080 1029 1162 1096 alius
1185 1028 1331 1095 Touma-

91 1115 207 1180 sianae
229 1114 311 1179 dioit
331 1137 428 1199 quam
449 1115 536 1181 infra
558 1116 637 1200 (lap.
651 1116 694 1195 X,
718 1119 732 1201 §
756 1123 773 1180 3
796 1115 939 1182 habebis.
974 1117 1046 1181 Imo
1068 1122 1178 1182 textus
1197 1137 1215 1180 e
1237 1135 1331 1200 prae·

90 1199 224 1267 sedenti
245 1201 439 1287 simplieiter
461 1200 652 1287 desoriptus,
675 1202 846 1268 versieulis
868 1201 983 1267 itidem
1001 1202 1164 1268 distinotis
1182 1200 1239 1269 sed
1256 1201 1331 1268 abs-

90 1307 156 1372 que
178 1287 272 1354 omni
292 1289 493 1372 praefatione
515 1289 631 1358 aliisve
653 1289 893 1354 additamentis.
937 1288 1084 1375 Paginao
1106 1296 1185 1354 sunt
1208 1291 1280 1353 908.

353 1501 381 1559 8.
424 1501 592 1561 LONDINI
608 1502 862 1575 spumam.
899 1498 988 1557 1648.
1023 1496 1071 1556 24.

118 1718 139 1733 ..
179 1632 381 1783 Elxffiinsvi
401 1635 597 1720 Hamburgi.
643 1637 769 1701 Tantus
790 1635 924 1701 omnino
951 1635 1040 1700 idom
1067 1640 1119 1700 est
1145 1654 1182 1699 ao
1204 1633 1331 1718 Vigno·

91 1739 143 1783 nn
161 1737 189 1785 a
294 1769 304 1788 .

380 1982 442 2065 tl.
486 1981 648 2048 EDI'HO
671 1978 1048 2048 HAFENREFFERI.

125 2168 183 2230 a*
226 2169 428 2231 ruentem
442 2189 496 2246 pe
516 2176 616 2232 nuos.
641 2175 754 2245 nara,
775 2174 903 2248 anaema
919 2176 962 2229 10.
979 2175 1105 2230 amm.
1142 2170 1232 2231 1618.
1268 2172 1296 2228 4.

179 2319 292 2387 Editio
314 2323 393 2388 satis
415 2324 594 2409 splendida,
617 2325 706 2411 typis
728 2324 854 2410 graeois
875 2324 1056 2391 maioribus
1078 2344 1208 2390 excusa.
1243 2323 1330 2389 [Pex-

91 2407 144 2475 tui
165 2427 283 2493 graeoo
300 2406 412 2475 addita
433 2418 483 2476 est
504 2411 613 2478 versio
636 2412 766 2478 Erasini
793 2411 872 2476 hino
893 2412 971 2477 iude
1000 2410 1182 2476 emendata.
1227 2410 1330 2476 Prae-

92 2494 213 2560 fationi
241 2494 437 2580 subsoripsit
468 2497 630 2564 Matthias
662 2498 874 2563 Hafenreffsr
905 2499 1070 2582 professor
1098 2497 1329 2581 Tubingensis.

92 2577 254 2681 Singulis
268 2581 430 2683 oapitibus
447 2585 611 2684 subiectae
633 2592 711 2684 sunt
731 2585 900 2652 variantes
921 2585 1077 2690 leotiones
1094 2583 1152 2650 sed
1173 2583 1331 2683 paneissi·

90 2688 380 2820 wll-ili
398 2669 1079 2839 ttlhtllttlttlltlt‘ttt'
1093 2670 1331 2824 iiiiii&

91 2841 293 2907 reoensondo
319 2862 354 2907 se
376 2842 541 2910 studuisse
562 2850 711 2925 testatur,
740 2844 864 2910 soilioet
893 2865 935 2909 ex
957 2843 1096 2912 diversis
1123 2842 1329 2923 editionibus,

91 2948 176 3012 quae
193 2927 272 2993 olim
290 2948 366 2993 oum
382 2928 475 2995 libris
492 2952 594 2996 manu
612 2931 743 3016 soriptis
761 2931 897 2997 oollatae
915 2931 1047 3010 fuerint,
1065 2951 1142 2995 eum
1160 2929 1331 3012 repetiisse

92 3014 271 3080 ooufessus.
326 3015 495 3083 Masohius
534 3017 667 3082 omnino
700 3017 825 3082 fallitur
857 3018 980 3082 fontem
1013 3017 1089 3083 libri
1120 3015 1330 3080 Erasmioum

92 3105 226 3166 textum
253 3100 353 3167 fuisse
381 3100 494 3168 dioons
515 3124 546 3186 p.
578 3108 656 3184 3⁰33
683 3104 750 3168 imo
777 3103 842 3167 fuit
871 3102 1035 3185 Stephani
1062 3102 1161 3167 editio
1189 3102 1281 3185 regia
1310 3121 1330 3166 a

91 3207 159 3271 qua
179 3207 247 3254 non
267 3186 333 3253 nisi
362 3209 421 3254 sex
442 3189 522 3256 loeis
544 3188 587 3255 ad
607 3188 732 3255 Bezam
758 3190 878 3255 transit
909 3189 977 3267 (W.
1008 3191 1056 3254 32.
1085 3188 1129 3254 X.
1158 3192 1187 3252 4.
1218 3191 1246 3251 6.
1280 3189 1328 3250 16.

92 3276 143 3338 20.
167 3277 233 3354 52),
262 3274 364 3339 semel
390 3274 433 3340 ad
452 3276 630 3341 Erasmum
657 3277 709 3356 (P.
740 3278 826 3355 att).
871 3275 920 3342 of.
949 3276 1048 3341 etiam
1075 3272 1329 3358 Baumgartenii

89 3357 215 3427 Naohr.
236 3359 283 3425 H.
310 3363 357 3426 18.
402 3361 603 3429 Sohnurrori
625 3361 734 3429 Oratt.
756 3386 786 3447 p.
816 3366 885 3428 151.

333 3623 349 3706 l
373 3626 400 3686 s.
444 3620 607 3688 nmmo
629 3621 810 3688 nasson
833 3619 1088 3689 sonnmuu.

176 3793 294 3860 Plures
316 3800 395 3859 sunt
415 3793 572 3861 editiones
593 3815 673 3878 quas
702 3795 764 3860 hoo
785 3794 918 3859 nomine
939 3793 1099 3876 insignire
1121 3814 1188 3858 non
1210 3792 1268 3858 abs
1290 3811 1327 3856 re

91 3880 165 3961 erit,
193 3880 323 3947 etiamsi
350 3880 407 3946 Er.
436 3879 659 3946 Sohmidtium
687 3888 836 3946 autorem
862 3901 930 3946 non
959 3901 1072 3945 omnes
1099 3881 1325 3961 profiteantur.

89 3965 165 4031 Iam
192 3987 295 4050 supra
323 3964 464 4033 vidimus
496 3989 514 4032 e
542 3967 730 4049 bibliopolio
764 3966 853 4032 Sam.
883 3964 1051 4032 Selfisohii
1077 3963 1327 4048 Vitebergensis

88 4053 268 4118 nonnullas
289 4074 412 4121 vonum
434 4052 527 4120 datas
549 4053 650 4118 fuisse
672 4075 755 4137 quae
778 4061 811 4117 et
830 4053 964 4118 Erasmi
983 4051 1134 4119 versione
1156 4052 1192 4115 in
1223 4050 1327 4117 vorsi-

89 4139 182 4206 oulos
198 4137 353 4206 distinata
374 4147 408 4204 ot
428 4140 501 4205 aliis
523 4138 716 4224 quibusdam
736 4141 771 4205 in
789 4137 997 4206 commodum
1018 4138 1239 4203 studiosorum
1259 4136 1326 4201 fao-

88 4225 134 4291 tis
156 4224 388 4292 additamentis
415 4226 615 4310 singularem
644 4226 789 4309 aliquam
814 4227 953 4293 formam
980 4225 1153 4303 exhibent,
1182 4223 1264 4286 item
1290 4221 1326 4286 in

88 4317 187 4379 textu
209 4313 333 4396 aliquot
353 4312 509 4378 leotiones
532 4313 650 4396 quibus
672 4313 767 4379 faoile
789 4332 809 4376 a
830 4312 967 4378 eaeteris
990 4311 1141 4376 omnibus
1163 4308 1327 4392 distingu-

88 4405 201 4465 untur.
245 4396 396 4480 Quarum
424 4400 592 4465 nonnullis
619 4400 767 4483 praefixa
787 4404 838 4465 est
862 4399 973 4465 brevis
994 4396 1127 4463 Erasmi
1149 4393 1327 4461 Sohmidtii
1443 4462 1445 4467 ,

88 4485 283 4571 professoris
308 4485 480 4551 literarum
501 4506 694 4570 graecarum
713 4485 961 4570 Vitebergensis
989 4484 1030 4549 ad
1058 4483 1212 4548 leotore'm
1239 4501 1326 4547 oom-

87 4571 258 4641 mendstio
279 4592 322 4638 ex
343 4592 409 4656 qus
430 4580 561 4657 praeter
582 4573 646 4637 alia
676 4572 738 4638 hoo
761 4592 888 4657 quoque
910 4573 1038 4638 efficere
1066 4569 1188 4653 poteris
1216 4568 1327 4651 ipsum

88 4656 279 4729 sumtum
294 4657 522 4729 adornandum
543 4661 628 4728 nihil
646 4660 686 4729 de
707 4682 766 4729 suo
787 4660 978 4731 contulisse.
1005 4653 1344 4820 Postessusro‘xhem
