3000 5024
182 230 222 292 62
713 224 831 282 CAPUT
849 224 882 282 V.
1378 224 1417 280 W

215 484 288 547 aa*
331 487 605 560 mannassen,
630 489 702 560 typis
725 489 813 631 1ng
831 445 987 630 acesco
1012 489 1142 562 epm
1164 487 1240 544 sans
1257 488 1384 560 scaea

272 676 546 750 manmena,
569 679 640 750 aas
661 676 928 820 nehmiae
947 678 1076 751 sepem
1097 678 1173 735 sam.
1195 677 1319 748 scaea

267 898 344 963 Una
366 896 544 979 eademque
566 902 617 960 est
638 894 736 960 editio
754 894 795 958 de
817 915 881 977 qua
907 893 948 959 ad
969 895 1216 978 praecedentem
1244 896 1418 962 illustran-

181 981 255 1048 dam
277 985 345 1048 iam
367 984 446 1048 satis
468 982 601 1048 dietum.
646 982 709 1045 Elst
729 981 831 1063 priori
857 981 893 1044 in
915 980 1064 1047 omuibus
1085 983 1252 1048 simillima
1274 990 1419 1065 quatuor

182 1069 377 1136 lectionibus
399 1067 626 1134 Sellisehianis
649 1067 798 1150 quintam
827 1065 950 1132 addens
977 1067 1073 1148 hane,
1100 1069 1181 1134 item
1207 1069 1420 1154 Brylingeri·

181 1177 287 1221 anam.

507 1261 536 1304 σ.
557 1244 584 1303 t.
609 1239 703 1303 Rom.
732 1241 778 1317 16,
803 1243 830 1302 3.
854 1237 933 1321 (ΡΒ)
955 1247 1095 1322 reptem.

267 1342 447 1426 Exemplar
471 1363 546 1409 eum
568 1348 645 1407 nota
667 1364 695 1406 a.
728 1344 806 1402 1606
837 1338 905 1407 vidi
926 1341 1144 1408 Darmstadtii
1165 1340 1224 1408 sed
1251 1364 1294 1408 ex
1322 1363 1421 1410 aecu-

181 1429 348 1494 ratissima
369 1429 541 1494 eollatione
563 1449 639 1494 eum
660 1448 733 1492 meo
753 1447 821 1491 non
843 1426 1010 1494 diversum
1032 1449 1104 1494 esse
1121 1429 1268 1512 cognovi.
1302 1429 1422 1496 Meum

182 1515 260 1580 olim
282 1515 418 1580 Lorokii
439 1515 577 1580 fuerat..

213 1717 285 1785 29.ΐε
327 1724 591 1782 WITEBERGAE
616 1727 688 1868 tpgdia
712 1723 1062 1868 huieredugelgseagerh‘chii
1083 1727 1212 1798 inpensis
1238 1727 1393 1784 mererium

676 1814 731 1880 fise
749 1812 779 1866 ii.
810 1815 822 1868 1
893 1853 899 1865 .
954 1853 960 1866 .

269 1943 453 2027 Exemplar
473 1965 585 2015 meum
611 1942 707 2008 titulo
729 1963 884 2008 maneum
906 1948 964 2022 est,
988 1942 1045 2008 sed
1066 1942 1236 2027 integrum
1258 1943 1338 2010 olim
1359 1944 1423 2011 ha·

182 2029 239 2095 bui
268 2028 502 2114 Stuttgardiae.
554 2030 728 2095 Lectiones
751 2026 989 2094 Selfisohiauae
1017 2028 1140 2095 adsunt
1167 2030 1327 2114 quinque,
1361 2031 1424 2097 sed

182 2115 295 2265 nimii·
321 2120 369 2180 30.
394 2125 427 2180 et
450 2121 499 2181 33.
522 2115 680 2181 familiam
709 2136 805 2181 suam
832 2114 961 2179 deserit.
1006 2114 1183 2181 Caeterum
1210 2115 1424 2200 praecedenti

183 2221 199 2264 s
272 2223 309 2268 rs.

214 2409 291 2470 30.*
333 2409 597 2468 WI'PEBERGAE
618 2412 770 2484 ammistae
787 2413 936 2468 lmeredcm
957 2413 1207 2481 Selfiaelaizaorum.
1238 2410 1331 2474 1623.
1362 2411 1393 2474 8.

269 2544 526 2610 Praecedentem
548 2543 688 2609 fideliter
709 2544 871 2626 describit,
891 2547 920 2612 si
942 2567 1046 2611 unum
1067 2546 1175 2613 locum
1196 2546 1368 2631 exceperis
1385 2545 1424 2611 in

184 2652 248 2715 quo
268 2631 311 2726 ab
334 2631 448 2696 eadem
469 2630 606 2696 discedit
628 2629 762 2710 (Matth.
786 2634 837 2711 71,
861 2637 889 2693 7.
912 2632 1129 2717 ἐπεκάθησαν).

272 2835 345 2899 31.l
388 2839 526 2899 GISSAE
544 2842 698 2897 Haemon
715 2859 748 2897 aa
764 2842 838 2911 offic.
863 2844 918 2898 Ios.
935 2843 998 2898 De.
1017 2844 1144 2916 Haarpel.
1181 2842 1271 2902 1669.
1304 2843 1335 2901 4.

211 2990 213 2994 ,
238 2921 617 2986 ἱ*71111111711071111ΤΙαά
632 2931 675 2986 M.
693 2947 739 3001 ap.
757 2929 833 2984 But.
852 2929 918 2999 Opil.
946 2930 1032 2988 Wcrt.
1068 2929 1159 2987 1673.
1194 2930 1225 2984 4.·
1246 2929 1369 3005 (ve18).

270 3062 348 3128 Una
370 3060 548 3144 eademque
570 3060 669 3127 editio
691 3061 778 3145 quod
799 3080 896 3126 nemo
919 3062 1025 3128 adhue
1048 3062 1140 3141 vidit,
1168 3061 1207 3127 cf.
1231 3061 1425 3128 Meschium

185 3171 216 3234 p.
241 3151 302 3212 298
326 3168 404 3230 seq,
426 3148 674 3230 Baumgartenii
696 3148 818 3213 Naehr.
841 3147 901 3212 IV.
929 3152 997 3214 101.
1021 3147 1263 3234 Typogrephus
1281 3146 1426 3215 Gissen·

185 3235 230 3300 sis
258 3240 388 3298 textum
418 3231 673 3298 Selfisohianum
700 3234 895 3315 primarium
928 3236 1007 3299 enni
1044 3238 1123 3297 1583
1158 3255 1235 3301 eum
1267 3235 1426 3301 versione

185 3318 366 3403 descripsit,
391 3318 527 3383 caeteris
548 3318 778 3384 additamentis
801 3319 944 3400 omissis;
972 3321 1153 3404 praemissa
1180 3327 1295 3386 tamen
1323 3341 1425 3404 prae·

184 3407 307 3471 latione
340 3405 483 3470 breviori
510 3404 544 3466 in
572 3425 636 3487 qua
663 3404 791 3469 consilii
824 3405 876 3470 sui
903 3407 1065 3471 rationem
1092 3407 1236 3489 exponit
1287 3405 1428 3473 Adsunt

184 3492 256 3557 looa
278 3489 436 3574 parallela
456 3490 492 3553 in
515 3490 673 3573 margine,
696 3492 863 3556 variantes
885 3490 1043 3558 lectiones
1065 3493 1173 3558 textui
1191 3493 1426 3558 subiiciuntrm.

184 3577 340 3643 Wustius
358 3575 600 3658 exemplaribus
618 3597 637 3639 a
656 3576 805 3642 Gissensi
828 3575 949 3642 editore
967 3578 1145 3662 redemptis
1168 3577 1276 3644 denuo
1294 3577 1428 3645 addidit

186 3662 361 3729 Summam
383 3659 542 3727 doetimae
563 3660 760 3727 christianae
781 3669 814 3727 et
831 3663 963 3728 Erasmi
985 3672 1179 3748 argumenta
1201 3665 1237 3729 in
1253 3665 1427 3748 Epistolas

185 3770 252 3815 nou
281 3750 349 3815 suis
376 3747 457 3813 loeis
483 3747 608 3812 inserta
635 3747 692 3812 sed
721 3749 756 3812 iu
786 3749 891 3832 eapite
920 3750 1099 3828 voluminis
1127 3751 1299 3817 Matthaeo
1327 3773 1427 3835 prae-

149 3912 153 3922 ,
185 3837 294 3914 missa,
318 3842 351 3899 et
372 3833 408 3898 iu
430 3832 518 3899 ealce
538 3833 682 3898 iudicem
703 3834 932 3918 theologicum.
968 3836 1086 3921 Margo
1109 3836 1218 3920 paullo
1240 3836 1341 3902 latior
1363 3845 1427 3918 est,

185 3923 232 3988 ita
253 3920 386 4004 quidem
407 3926 445 3984 ut
466 3926 576 3985 textus
593 3942 652 4003 per
672 3941 707 3986 se
730 3920 867 3985 formam
889 3924 1091 3987 octonariam
1112 3923 1280 4004 maiorem,
1307 3923 1428 3990 charta

186 4005 615 4092 quaternariam-exhibeat.
660 4004 794 4072 Scilicet
815 4006 921 4072 editor
949 4009 1088 4073 iuvenes
1109 4008 1274 4075 studiosos
1301 4010 1428 4077 invitat

186 4101 224 4159 ut
245 4100 341 4159 notas
363 4115 405 4158 err
427 4090 593 4158 autoribus
615 4093 812 4174 conquisitas
834 4114 1002 4175 promere
1023 4094 1092 4160 eius
1114 4095 1236 4161 saeculi
1257 4095 1318 4160 tali
1334 4117 1427 4162 mar·

187 4180 258 4265 gini
290 4178 484 4257 inscribant,
519 4178 606 4261 quod
638 4180 747 4261 ipsum
773 4177 808 4242 in
841 4200 914 4244 meo
943 4181 1122 4264 exemplari
1148 4181 1427 4248 Fraueofurtensi

186 4267 294 4332 rarius
316 4266 440 4330 factum
462 4262 565 4342 video,
588 4265 624 4328 in
645 4265 797 4330 Gissensi
818 4287 987 4348 nusquam.
1020 4267 1163 4333 Exstare
1184 4267 1342 4334 videntur
1365 4289 1426 4336 ex·
1484 4270 1492 4283 '

187 4352 346 4436 emplaria
377 4350 511 4415 maioris
538 4350 637 4415 etiam
666 4349 797 4414 formae.
848 4352 1056 4417 Lorckianus
1083 4353 1252 4437 catalogus
1281 4365 1427 4438 quatuor

186 4445 344 4517 recenset,
366 4438 523 4503 Gissense
545 4437 580 4499 in
601 4436 655 4500 fol.
678 4437 714 4499 in
737 4441 765 4500 4.
795 4438 883 4501 etin
908 4441 935 4502 8.
965 4447 999 4502 ot
1019 4438 1300 4507 Francofurtense
1328 4442 1368 4506 in
1394 4446 1425 4508 4.

186 4525 263 4609 Ipse
280 4546 358 4591 vero
381 4523 497 4588 ethos
520 4522 623 4587 habeo
645 4521 760 4588 charta
781 4522 899 4588 minori
921 4524 1126 4607 impressum.
1157 4526 1352 4594 Notandum
1373 4534 1426 4594 ta·

187 4633 265 4683 men
287 4611 439 4678 ultimam
459 4608 626 4695 plagulam
650 4610 694 4697 (p.
725 4613 785 4674 713
810 4615 843 4676 et
866 4611 943 4698 714)
970 4611 1145 4680 aWustio
1171 4633 1323 4683 recusam
1352 4635 1427 4684 esse
