3000 5024
128 220 188 282 128
649 215 766 273 orror
783 215 833 272 m.
1213 174 1217 179 ’
1328 212 1355 269 x

127 480 201 541 ru*
241 479 430 540 aaaonnu
452 488 478 537 u
494 480 610 553 uanae
626 497 672 581 ap.
699 477 761 560 eur.
780 479 814 533 r.
840 479 972 548 aueum,
988 479 1070 553 apr.
1094 480 1119 536 1.
1147 477 1209 555 oar.
1228 481 1356 552 Lopa-

195 653 383 712 BEROLINI
400 661 426 710 ot
443 653 559 723 Isipeiae
575 567 704 726 ahbmlgr
723 565 914 797 {Zereia}
931 653 1014 723 impr.
1032 654 1057 708 Ι.
1078 649 1139 713 etr.
1157 653 1283 725 Lenaea·

457 773 459 778 .
579 742 690 797 amia.
727 743 739 796 1
810 784 817 798 .
894 783 902 802 .

211 857 340 923 Graeca
361 854 484 939 quinta,
507 867 540 918 et
561 855 797 938 graeeo-latina
814 861 922 934 serta;
946 860 1118 938 utramque
1135 855 1266 939 ignorat
1282 855 1357 921 Ma·

127 941 246 1022 sohius,
268 948 418 1009 recenset
438 939 603 1006 Lorokius
631 961 649 1005 e
675 961 789 1022 museo
816 961 883 1006 suo.
928 941 1085 1009 Diversas
1113 941 1200 1007 inter
1222 961 1258 1008 se
1286 960 1358 1007 esse

127 1049 232 1111 neque
252 1030 417 1094 affirmare
439 1047 546 1110 neque
569 1047 690 1112 negare
712 1027 819 1092 ausim
840 1048 941 1110 quum
963 1027 1102 1093 alteram
1122 1048 1189 1093 non
1206 1028 1357 1096 viderim.

128 1234 201 1298 72*
243 1237 431 1297 BEROLINI
453 1247 480 1295 et
502 1235 656 1294 LIPSIAE
681 1256 728 1308 σῳ.
749 1236 811 1298 Olea
834 1239 868 1294 F.
900 1240 1032 1308 Verrium,
1047 1239 1131 1311 iasar.
1148 1240 1174 1295 Ι.
1201 1237 1264 1301 Otr.
1282 1241 1359 1297 Lair·

490 1319 493 1326 ’
552 1325 714 1397 euphemiae.
751 1323 840 1386 1761.
878 1323 924 1386 12.

214 1439 459 1507 Graoeo-latina
481 1440 629 1523 septima.

211 1651 259 1712 73.
304 1651 491 1710 BEROLINI
507 1661 533 1709 et
550 1651 704 1708 LIPSIAE
722 1669 769 1722 ap.
790 1650 852 1711 etr.
870 1653 905 1708 F.
930 1649 1061 1708 Verrium.
1098 1650 1187 1711 1774.
1225 1649 1272 1713 12.

214 1784 312 1852 Hane
335 1787 432 1850 totius
460 1785 556 1851 seriei
578 1784 729 1850 ultimam
756 1784 869 1851 laudat
889 1771 1037 1852 Lexioon
1065 1783 1362 1870 bibliographioum

128 1870 267 1953 Heinsii,
289 1872 360 1957 ipse
377 1893 542 1954 nusquam
561 1872 714 1940 invenire
735 1872 834 1955 potui.

133 2081 209 2144 7¹1*
235 2082 418 2143 LueDUNI
428 2085 495 2141 Bet.
513 2086 593 2155 apeed
610 2083 778 2152 Wetateaioa,
794 2080 1154 2154 marmandae.
1187 2082 1278 2145 1772.
1312 2081 1362 2147 12.

216 2215 327 2282 Editio
344 2216 581 2302 graeco-latina
599 2238 697 2300 quum
719 2215 760 2281 ad
781 2216 900 2283 seriem
918 2215 1223 2285 Wetstenienarum
1244 2217 1364 2285 referri

131 2301 280 2387 equidem
301 2324 368 2367 non
391 2301 569 2368 abnuerim.
615 2303 732 2368 Paullo
759 2303 812 2368 his
833 2303 938 2368 maior
959 2311 993 2369 et
1014 2303 1182 2389 pulchrior
1203 2311 1261 2385 est,
1284 2312 1361 2372 tex-

131 2395 202 2454 tum
232 2409 311 2456 vero
340 2389 474 2455 ultimae
501 2390 816 2456 amstelodameneis
848 2411 876 2455 a.
916 2394 994 2454 1740
1028 2391 1269 2460 aoeuratissime
1303 2392 1362 2460 de-

41 2542 44 2547 .
130 2476 250 2543 scribit.

207 2616 280 2677 75.tl
322 2615 489 2676 LONDINI
507 2635 554 2689 op.
579 2619 613 2674 F.
640 2619 795 2692 We'apraee,
812 2620 837 2674 Ι.
856 2620 974 2676 Ietuaoa
991 2628 1070 2677 enat.
1107 2619 1197 2681 1794.
1236 2622 1283 2682 12.

216 2749 429 2852 Praeoedenti
462 2750 542 2818 adeo
572 2752 688 2819 similis
714 2759 753 2817 ut
781 2755 836 2821 vir
865 2753 1001 2819 alteram
1037 2755 1078 2820 ab
1105 2752 1209 2820 altera
1243 2754 1362 2822 distin·

132 2856 231 2922 guere
253 2858 366 2920 possis.

197 2996 291 3078 ‚76.*
332 2997 500 3058 LONDINI
517 3017 564 3070 ap.
588 2999 626 3054 F.
647 3000 1077 3070 Wnpraoe,1.10aumeaat.
1114 3000 1204 3058 1804.
1239 2999 1287 3063 12.

217 3131 270 3196 De
297 3130 359 3197 hae
379 3130 467 3196 idem
498 3130 681 3199 dicendum.
726 3131 948 3199 Nominantur
974 3134 1011 3200 in
1039 3133 1136 3201 titulo
1165 3134 1276 3220 plures
1307 3136 1366 3201 alii

132 3216 322 3302 bibliopolae
343 3217 400 3301 qui
421 3218 455 3282 in
477 3218 686 3303 praecedenti
706 3240 772 3286 non
794 3226 990 3303 comparent.
1214 3225 1217 3234 ’

165 3428 216 3488 77.
259 3426 583 3487 PHILADELPHIAE
602 3449 634 3488 ee
651 3432 766 3575 opygpppa
784 3433 901 3575 elepaeiou
916 3433 1047 3504 impensis
1068 3434 1097 3490 S.
1119 3435 1152 3491 F.
1170 3435 1332 3504 Bradsord.

748 3564 755 3579 .
791 3521 838 3579 1'.

217 3647 407 3715 diditionem
429 3650 569 3733 primam
593 3650 811 3717 amorieanam
833 3652 951 3718 asserit
972 3651 1097 3718 titulus.
1131 3653 1260 3720 Verum
1278 3658 1367 3722 anti-

132 3734 278 3818 quiorem
310 3735 453 3820 aliquam
485 3737 679 3803 habebimus
711 3737 799 3803 infra
825 3738 905 3822 (lap.
934 3738 1015 3804 XII.
1044 3740 1059 3823 d
1089 3744 1116 3804 5.
1161 3741 1258 3806 Hane
1285 3762 1368 3828 ergo

132 3828 262 3887 nostrae
283 3821 388 3887 editor
409 3823 578 3908 ignorasse
600 3823 730 3890 videtur
751 3824 805 3890 vel
828 3826 927 3890 etiam
949 3845 1042 3891 suam
1064 3825 1205 3908 primam
1217 3827 1368 3894 Lensde·

133 3910 266 3995 nianam
298 3908 507 3994 signifioasse.
558 3910 652 3975 Idem
682 3909 825 3994 plurima
853 3910 1075 3977 Londinensis
1109 3912 1369 4000 (praecedentis)

133 4004 242 4061 errata
264 4004 409 4062 eerreota
437 4017 509 4061 esse
532 3995 610 4062 dioit
632 4018 711 4062 eura
737 3995 764 4061 Ι.
794 3996 914 4063 Watts.
957 3998 1158 4067 Examinevi
1186 3999 1221 4063 in
1250 4001 1368 4067 biblio·

133 4082 228 4147 theoa
256 4082 525 4168 Guelferbytana.
570 4084 633 4147 Est
663 4083 819 4166 bilinguis
849 4097 886 4147 ut
913 4084 1085 4168 pleraeque
1114 4084 1369 4154 Leusdenianae

133 4168 168 4233 in
190 4174 283 4233 textu
306 4189 326 4234 a
347 4168 581 4236 Wetsteniana
603 4167 721 4233 ultima
737 4189 901 4253 nusquam
921 4170 1084 4238 recedens.

461 4381 511 4443 ra.
555 4378 777 4455 nau-roam
802 4381 910 4443 aaa.
947 4380 1037 4444 1824.

218 4514 483 4582 Lauadenienam
507 4513 683 4580 editionem
706 4515 806 4581 etiam
823 4515 1049 4584 Neo-Eboraoi
1067 4536 1215 4585 reousam
1237 4539 1309 4587 esse
1327 4519 1370 4588 ad

133 4601 434 4691 Heydenroiehium
458 4601 692 4669 amicissimum
715 4602 755 4667 de
778 4602 870 4669 libris
894 4604 1098 4672 Americanis
1125 4626 1179 4673 me
1205 4605 1370 4676 suadente
