3000 5024
147 210 173 265 11
421 212 425 217 ’
538 210 733 269 ablrlouus
752 213 994 270 assertores.
1315 219 1382 281 221

145 380 320 469 adscripsit
341 388 376 449 et
395 385 543 452 tabulam
565 383 829 469 chronologiam
850 385 1028 453 subiunxit.
1074 385 1162 454 Unci
1182 386 1377 474 Knappiani

143 494 256 539 omnes
276 470 331 537 hio
352 473 450 539 unius
472 474 604 552 formae,
626 471 662 536 id
683 481 734 538 est
755 473 920 557 simplicis.

144 677 196 745 9.*
238 684 314 741 Nooa'
334 682 464 754 Eborori,
487 685 617 759 impotem
642 683 783 827 Glitprr,
805 702 875 827 pra-o
891 687 927 745 A.
949 684 1094 756 6111111111,
1117 687 1375 761 oterootypoorapbi.

741 787 769 832 o.
826 815 834 831 .

225 902 421 987 Knappiani
447 902 523 968 libri
551 910 706 985 quartum
732 922 759 966 a.
794 905 872 966 1819
908 903 988 968 editi
1015 902 1210 969 fidissimum
1236 924 1373 989 apogra-

141 990 238 1074 phon,
260 1010 360 1071 aquo
377 997 507 1074 praeter
524 998 682 1071 perpetua
700 997 894 1071 argumenta
912 991 952 1054 ab
971 989 1096 1055 editore
1107 990 1246 1056 Halensi
1264 990 1375 1055 textui

142 1076 288 1142 subiecta
308 1076 392 1141 nihil
414 1076 513 1141 abest.
547 1075 748 1140 Praefationi
770 1074 963 1156 subscripsit
984 1077 1024 1141 R.
1047 1076 1086 1140 B.
1106 1078 1238 1141 Patton.
1270 1076 1375 1141 Liber

141 1161 266 1227 nitidus
293 1161 482 1226 charactere
515 1182 573 1243 pro
599 1162 722 1226 formae
751 1160 964 1242 amplitudine
996 1161 1093 1244 paulo
1119 1162 1289 1226 minutiori
1316 1184 1373 1226 ex-

140 1269 281 1332 pressus.
311 1245 435 1313 Oharta
456 1247 584 1313 lineolis
606 1247 763 1313 caeruleis
786 1249 916 1330 signata
937 1248 984 1311 ita
1002 1256 1039 1311 ut
1057 1247 1203 1313 studiosa
1219 1248 1373 1315 iuventus

141 1334 192 1400 cui
222 1334 304 1399 haec
332 1330 429 1397 editio
460 1331 567 1398 dicata
588 1339 654 1410 est,
682 1331 851 1397 latissimis
876 1332 1036 1416 marginis
1064 1333 1178 1415 spatiis
1206 1334 1373 1399 commode

141 1427 355 1503 accurateque
377 1419 503 1485 scholia
530 1419 679 1484 breviora
708 1418 891 1484 adscribere
914 1419 1023 1500 possit.
1067 1420 1108 1483 In
1138 1419 1235 1484 titulo
1263 1428 1373 1485 exstat

141 1507 309 1591 signatura
319 1505 360 1571 N.
379 1511 408 1567 4.
442 1504 534 1586 Quae
556 1512 668 1569 utrum
689 1514 840 1587 quartam
863 1505 1007 1587 aliquam
1028 1505 1237 1571 emissionem
1255 1506 1372 1589 operis,

142 1613 182 1658 an
203 1591 378 1676 specialem
400 1591 534 1658 chartae
554 1597 702 1656 tenorem
722 1591 845 1656 indicet
864 1592 981 1657 noscio.

173 1803 250 1864 10.1
292 1802 447 1876 BERLIN,
465 1805 504 1859 im
527 1803 628 1881 Verloy
649 1805 700 1858 dar
717 1793 905 1858 Naork'erbea
922 1804 1153 1874 Bocbboadlaap.
1188 1801 1278 1862 1837.
1315 1803 1344 1864 8.

222 1935 335 2002 Editio
364 1937 698 2021 graeco-germanica
726 1936 817 2000 cuius
849 1935 955 2000 textui
981 1935 1180 2019 Knappiano
1209 1935 1372 2002 invariato

143 2023 328 2107 posterioris
350 2023 549 2089 recensionis
571 2023 606 2086 in
629 2023 732 2087 altera
753 2022 905 2087 columna
926 2023 1035 2088 versio
1056 2021 1199 2086 Lutheri
1222 2021 1372 2105 apposita

142 2116 194 2176 ost
239 2109 328 2176 Unci
349 2110 519 2192 utriusque
543 2109 665 2174 formae
688 2108 816 2173 adsunt.

467 2369 481 2450 ς
506 2369 533 2432 a.
578 2362 1032 2432 111110111111111111.

269 2577 342 2638 lu*
384 2576 539 2635 LIPSIAE
557 2595 590 2633 aa
607 2579 723 2648 officina
741 2578 837 2634 Caroli
855 2579 1021 2634 Toacbm‘ta'i.
1061 2575 1151 2638 1820.
1191 2576 1238 2638 16.

320 2664 340 2701 ³*
382 2664 536 2722 LIPSIAE
555 2666 720 2733 caofftcioa
739 2665 834 2722 Coreli
853 2666 1019 2721 ramaneat
1060 2662 1150 2725 1828.
1192 2662 1238 2724 16.

219 2797 332 2864 Editio
354 2804 540 2882 stereotypa
552 2796 739 2863 Tauohnitii
760 2797 877 2880 prima,
898 2798 1004 2862 forma
1026 2798 1143 2862 minori
1165 2796 1262 2863 lineis
1283 2799 1368 2863 inte·

139 2884 203 2969 gris
225 2905 391 2969 expressa.
424 2885 598 2949 Praefatus
621 2890 670 2948 est
691 2884 718 2948 Ι.
742 2885 781 2949 Α.
806 2883 849 2949 H.
874 2883 1084 2948 Tittmannus
1105 2884 1268 2967 professor
1284 2884 1367 2967 Lip-

138 2972 259 3038 siensis.
305 2969 373 3051 Qui
395 2970 435 3036 de
457 2976 551 3035 textu
576 2990 596 3033 a
617 2990 653 3033 se
674 2969 848 3034 emendato
875 2969 923 3033 ita
952 2970 1095 3052 loquitur
1120 2969 1215 3051 quasi
1244 2991 1366 3035 novam

136 3053 1367 3226 111111111111111111111.111.111111“1111111111
1446 3144 1451 3153 ·

135 3231 303 3315 vulgatam
324 3231 464 3294 formam
487 3227 663 3295 accederet.
709 3226 888 3311 Octoginta
915 3237 948 3292 et
974 3235 1113 3310 quatuor
1141 3226 1229 3293 locos
1257 3227 1366 3310 reperi

134 3315 169 3381 in
189 3324 330 3399 utraque
353 3315 495 3382 editione
518 3315 673 3395 diversos,
695 3336 713 3378 e
735 3314 853 3397 quibus
876 3318 915 3374 45
938 3312 1109 3378 lectionem
1131 3312 1366 3379 Illaevirorum

133 3403 327 3482 restituunt,
361 3423 420 3468 sex
444 3399 752 3479 Griesbachianam,
787 3403 827 3461 15
858 3399 899 3464 ad
928 3400 1065 3464 uncinos
1092 3400 1286 3484 confugiunt
1306 3400 1365 3465 ubi

132 3488 308 3572 Knappius
328 3488 384 3554 vel
411 3487 537 3571 glosam
564 3486 705 3568 aliquam
728 3492 918 3552 servaverat
945 3485 1094 3568 (septies)
1123 3485 1175 3552 vel
1198 3486 1365 3551 deleverat

134 3574 256 3653 (decies
278 3581 310 3638 et
332 3574 457 3651 octies).
500 3573 596 3638 Adde
618 3571 704 3654 quod
722 3571 931 3637 Tittmannus
953 3572 1091 3636 uncinos
1113 3572 1212 3637 unius
1233 3578 1364 3637 tantum
1426 3578 1436 3592 ‘

132 3661 262 3745 generis
292 3660 413 3744 ubique
447 3659 580 3724 adhibet
612 3680 730 3741 eosque
763 3658 941 3740 simplices,
981 3658 1199 3740 Knappianae
1232 3657 1363 3724 criticae

130 3747 280 3831 vestigiis
302 3746 363 3812 hoo
385 3745 480 3810 modo
504 3766 545 3810 111
566 3752 658 3827 parto
680 3744 805 3809 deletis
839 3742 967 3824 Quibus
988 3745 1124 3809 mutatis
1146 3746 1230 3811 fiunt
1247 3745 1283 3809 in
1300 3743 1363 3810 hae

130 3833 320 3899 recensione
348 3831 503 3898 lectiones
532 3830 810 3896 Griesbachianae
835 3831 912 3908 815,
942 3828 1170 3895 Elzevirianae
1200 3836 1256 3909 71,
1286 3852 1362 3895 can·

129 3919 267 3987 collatae
289 3923 338 3999 90,
360 3919 580 4001 Knappianae
599 3922 626 3982 6.
661 3917 847 3983 Numerum
868 3916 1089 3981 millenarium
1107 3917 1280 3998 perficiunt
1297 3916 1362 3982 loci

130 4013 202 4072 octo
225 4027 305 4091 quos
327 4027 370 4071 111
391 4025 451 4070 1110
473 4004 604 4086 ingenio
627 4002 814 4069 emendavit
836 4002 1061 4068 Tittmannus:
1090 4002 1208 4068 Mattb.
1234 4006 1285 4081 16,
1309 4006 1359 4068 60.

130 4093 187 4172 (Θ.
213 4097 289 4169 141)
311 4092 403 4176 prius
426 4093 478 4154 καὶ
499 4088 553 4170 οἰχ
574 4078 656 4174 εὗρον
678 4090 773 4155 uncis
795 4089 945 4170 inclusit;
977 4090 1072 4154 Rom.
1101 4095 1147 4166 14,
1172 4094 1200 4152 9.
1230 4087 1279 4174 (Ζ.
1304 4087 1359 4172 76)

129 4183 181 4243 καὶ
202 4177 337 4244 ἀπέθανε
358 4181 409 4241 καὶ
430 4175 564 4256 dedara
601 4183 636 4239 1.·
649 4175 722 4240 (101.
749 4181 776 4255 9,
803 4180 850 4239 10.
879 4184 951 4258 post
972 4176 1017 4238 ἐπ’
1039 4173 1140 4238 ἐλπίδι
1161 4171 1210 4238 roi
1229 4180 1360 4255 μετέχειν

129 4265 186 4341 (V.
202 4269 258 4343 41)
282 4263 373 4330 addit
396 4262 460 4350 [τῆς
481 4261 602 4335 ἐλπίδος
623 4259 723 4348 abac&
746 4260 833 4343 quod
850 4261 1005 4344 vulgatus
1022 4268 1096 4342 post
1113 4257 1210 4324 dlocio
1227 4260 1344 4326 inserit
1349 4284 1358 4342 ;

127 4351 215 4417 Phil.
239 4356 268 4430 3,
294 4355 342 4415 16.
374 4351 430 4426 (V.
456 4353 511 4427 27)
538 4349 632 4414 uncis
659 4347 798 4414 includit
825 4345 859 4409 τὸ
885 4345 955 4411 αὐτὸ
983 4355 1101 4431 φρονεῖν
1128 4354 1257 4415 servabo
1287 4366 1357 4413 voc.

127 4431 243 4519 κανδνι;
266 4438 367 4520 Apoe
393 4441 440 4514 11,
467 4444 493 4500 1.
518 4437 565 4513 (J.
591 4438 650 4496 149
672 4435 711 4500 cf.
735 4435 778 4498 X.
802 4436 857 4510 11)
879 4433 1038 4500 cancellat
1056 4432 1287 4516 Gomplutense
1308 4435 1359 4497 nal

127 4523 255 4608 εἱστήκει
276 4521 292 4588 ὁ
313 4521 449 4604 ἅγγελος,
472 4522 533 4604 Ap.
560 4525 609 4599 20,
633 4525 661 4584 9.
687 4520 732 4597 (J.
758 4521 957 4596 118)1111)1
982 4517 1251 4607 [11πό101131οῷ
1284 4517 1355 4585 Iud.

128 4610 364 4677 1111111111
378 4607 506 4675 Griesb.
529 4607 574 4672 11.
599 4611 653 4685 (A.
669 4611 724 4684 77)
747 4606 847 4691 Apoo.
874 4612 922 4687 17,
946 4610 973 4671 8.
995 4627 1070 4671 cum
1091 4605 1206 4672 Altero
1228 4605 1271 4691 (α.
1293 4612 1355 4683 ll).
