3000 5024
138 236 207 301 178
646 226 857 287 6666666.

237 404 268 472 d
295 406 427 488 1616.
451 407 481 484 s,
504 406 532 468 6.
556 400 603 575 {ab
630 403 705 487 136)
726 398 748 467 6
767 404 885 483 &petto
906 400 1001 469 tuoe.

293 495 338 558 13.
363 491 426 574 Ap.
452 494 480 568 6,
507 495 533 554 1.
570 488 603 556 J.
631 493 706 572 141)
728 490 814 575 ἔρχου
837 488 883 553 ide
907 496 1016 564 (oaett.
1040 487 1194 574 61061).

220 595 328 680 Igitur
348 595 385 659 in
408 598 467 657 149
491 592 626 658 1661616
648 592 766 675 quibus
787 593 940 676 Bengelii
960 600 1072 658 textus
1094 592 1134 658 ab
1157 592 1368 657 Elusviriauo

135 683 298 763 disorepat
326 701 394 745 non
421 679 486 744 nisi
514 678 634 761 viginti
662 687 740 744 sunt
769 700 907 762 quorum
938 679 1102 760 scriptura
1129 677 1369 744 recentioribus

133 769 187 837 vel
208 767 318 832 minus
349 766 435 832 bona
456 764 511 830 vel
533 764 640 829 adhue
668 763 767 829 dubia
794 765 866 830 visa
892 773 949 830 est.
1000 764 1105 831 Plura
1130 764 1195 830 iam
1220 785 1280 849 pro
1308 783 1368 830 suo

129 854 263 940 ingenio
285 860 380 917 autor
402 858 530 916 mutare
552 871 618 915 non
642 872 740 916 ausus
762 857 821 916 est

215 939 293 1005 Non
313 936 572 1023 praetereundae
601 945 711 1002 tamen
738 957 796 1002 eae
818 936 972 1002 leetiones
1000 944 1079 1002 sunt
1106 957 1186 1019 quas
1213 937 1251 1001 in
1278 956 1369 1002 mar·

133 1027 210 1179 gne
236 1026 333 1090 litera
358 1049 378 1087 α
406 1024 552 1108 signatas
580 1022 723 1106 vulgatis
760 1023 893 1087 omuino
920 1022 1149 1106 praeferendas
1177 1022 1367 1089 deelaravit.

162 1135 183 1178 u

185 1119 223 1177 nt
244 1132 302 1176 eae
333 1111 369 1174 iu
398 1117 469 1174 toto
495 1109 536 1174 N.
566 1110 602 1173 Τ.
636 1108 754 1192 viginti
781 1107 866 1173 duae
898 1108 967 1174 6611.
1001 1109 1201 1193 antiquiores
1223 1109 1367 1175 sedeeim

133 1198 278 1282 (Erasnu
306 1197 374 1261 Ru.
402 1195 513 1279 Oplut.
540 1194 573 1261 J.
608 1198 675 1258 195.
706 1193 812 1259 (16116.
842 1195 883 1259 V.
910 1197 958 1259 57.
987 1195 1120 1261 Wellsii
1147 1195 1217 1260 Ye·
1246 1206 1280 1261 et
1316 1199 1366 1261 61.

132 1282 234 1350 Maeii
254 1282 291 1348 Ζ.
315 1285 344 1347 4.
369 1283 418 1346 17.
442 1286 492 1346 41.
517 1285 567 1345 75.
592 1282 646 1360 76)
670 1287 704 1344 61
725 1302 786 1344 sex
807 1300 930 1345 novae:

176 1389 212 1452 Γ.
241 1406 269 1452 6.
296 1390 343 1449 14.
365 1386 439 1451 Α61.
464 1389 492 1463 3,
519 1390 567 1447 11.
592 1385 685 1459 (646)
706 1380 835 1445 adrev*
859 1389 933 1464 (pro
953 1385 1004 1446 τοῦ
1025 1385 1094 1449 iod.
1116 1393 1207 1467 χωλ.)

290 1475 338 1536 15.
361 1470 434 1536 Iud.
464 1474 493 1534 4.
517 1469 564 1554 (J.
592 1468 665 1548 134)
690 1466 777 1531 deon.
802 1493 827 1534 κ.
851 1468 951 1552 κύριον
972 1469 1130 1537 (1Κ8Ι1Ἕ

239 1635 241 1639 ,
290 1558 337 1620 16.
361 1558 462 1640 Apoe.
484 1558 531 1634 12,
555 1557 602 1618 10.
622 1554 673 1640 (Τ.
688 1557 763 1635 347)
776 1553 913 1637 κατήγωρ
927 1565 936 1623 1
942 1565 1037 1621 oaott.
1050 1565 1088 1622 ut
1099 1557 1187 1642 Opl.)
1206 1556 1366 1624 GKSLT

237 1642 259 1708 1.
288 1646 336 1706 17.
360 1641 434 1707 eal.
460 1644 488 1721 2,
515 1644 561 1704 14.
585 1643 678 1716 (647)
702 1641 798 1723 κηφᾶς
821 1653 894 1724 (pro
906 1639 1036 1725 Πέτρος)
1057 1665 1123 1708 666
1135 1667 1166 1710 v.
1183 1650 1229 1709 ll.
1244 1642 1365 1721 (SM)

290 1731 337 1792 18.
361 1729 424 1812 Ap.
450 1731 478 1806 9,
507 1729 552 1790 16.
577 1724 624 1808 (J.
653 1727 800 1808 147)τοῖ
821 1729 946 1791 16666κοῦ
966 1727 1087 1813 δισμυρ.
1110 1731 1188 1795 11Το

234 1834 265 1898 g.
291 1817 339 1877 19.
362 1815 435 1879 Aet.
463 1818 510 1889 19,
535 1815 585 1875 40.
609 1809 701 1897 (648)
724 1816 795 1896 περὶ
815 1803 849 1876 οὗ
865 1811 899 1877 oe'
916 1811 978 1877 dev.
1000 1814 1137 1881 (10111111Ι
1161 1815 1249 1893 (add.
1262 1815 1365 1902 neg.).

216 1914 306 1981 Nota
331 1913 581 1997 deommeudat
608 1913 842 1981 118166116666
870 1937 888 1980 6
917 1917 1035 2000 quibus
1063 1923 1101 1980 83
1131 1919 1168 1984 in
1196 1919 1368 1988 hodiernis

131 2002 328 2071 editionibus
349 2003 418 2067 fere
439 2000 549 2067 ubivis
576 2007 936 2081 6666666166616666
963 2003 1072 2072 rarius
1100 2012 1249 2089 receptae
1277 2015 1368 2073 6661.

271 2210 325 2273 6.·
368 2207 676 2267 STUTTGARDIAE
694 2213 807 2267 6661).
829 2215 910 2285 Beoy'.
932 2215 1031 2272 Faber.
1070 2215 1157 2276 1734.
1194 2216 1221 2278 8.

307 2289 324 2322 ”
367 2295 618 2356 TUBINGAEt’n
638 2299 792 2372 bsbb'epolio
808 2301 988 2372 Beroeam.
1025 2301 1115 2362 1738.
1150 2302 1178 2363 8.

216 2444 328 2511 Editio
356 2446 463 2530 prima
484 2445 635 2530 Bengelii
663 2447 825 2514 manualis
854 2448 960 2514 solum
990 2456 1118 2515 textum
1146 2473 1221 2517 eum
1249 2451 1368 2520 166116-

130 2533 183 2599 nis
204 2532 366 2598 varietate
388 2533 508 2597 6616616
530 2532 566 2596 16
588 2553 664 2597 suas
686 2533 830 2617 quinque
851 2534 970 2600 classes
993 2536 1169 2603 distributa
1196 2537 1368 2608 exhibens.

130 2619 206 2685 Duo
229 2627 338 2683 tamen
361 2618 433 2683 1666
454 2617 626 2683 observavi
647 2617 684 2681 in
728 2639 769 2682 uo
787 2625 898 2685 textus
920 2622 1054 2688 maioris
1077 2622 1228 2688 editionis
1257 2637 1368 2692 muta·

132 2712 188 2771 tus
212 2712 271 2770 661.
315 2703 450 2779 (Matth.
476 2709 504 2781 6,
532 2708 557 2767 1.
582 2700 640 2788 [X.
670 2639 727 2790 471
756 2705 926 2787 reponitur
953 2708 1128 2793 vulgatum
1151 2707 1348 2793 ἐλεημοσύνην
1355 2738 1368 2793 ,·

132 2790 201 2857 (101.
229 2796 255 2870 1,
280 2793 329 2855 28.
355 2787 402 2876 [J.
430 2788 502 2872 112]
527 2789 713 2854 restituitur
735 2790 867 2874 τέλειον).

216 2892 392 2958 Caeterum
424 2912 537 2956 ornnes
564 2892 620 2972 qui
646 2889 753 2956 adhue
786 2892 826 2957 de
859 2893 912 2959 his
943 2895 1035 2962 libris
1067 2898 1270 2980 seripserunt
1304 2903 1368 2969 sub

131 2976 258 3045 duobus
280 2978 345 3044 illis
366 2978 471 3043 titulis
492 2974 640 3042 diversas
663 2977 821 3044 editiones
842 2979 913 3044 dari
933 2981 1015 3047 falso
1037 2983 1252 3051 erediderunt
1286 2987 1368 3072 Ipse

130 3071 242 3130 tamen
270 3064 385 3130 titulus
408 3063 569 3130 seeundus
599 3061 694 3129 dieit:
723 3086 881 3131 exousum
909 3088 994 3132 6666
1027 3073 1107 3131 1734
1135 3068 1367 3156 Stuttgardiae

130 3171 219 3217 nune
251 3161 361 3216 autem
393 3158 521 3234 prostat
549 3147 719 3233 Tubingee
747 3158 842 3215 66611
870 3164 903 3216 61
929 3162 1103 3236 sequentes
1135 3156 1296 3225 editiones
1323 3163 1367 3228 eb

130 3236 211 3321 ipsis
244 3235 422 3302 editoribus
454 3237 501 3300 ita
534 3245 750 3300 numerantur
782 3245 819 3300 ut
851 3248 998 3304 nostram
1030 3241 1161 3307 unieam
1194 3244 1296 3310 fuisse
1327 3247 1366 3313 iu

131 3330 242 3406 aperto
264 3322 316 3386 sit.
362 3321 487 3386 Addita
509 3329 559 3385 661
581 3333 692 3384 tamen
715 3341 742 3386 a.
771 3326 849 3385 1738
872 3345 960 3391 nova
981 3326 1148 3408 praefatio.
1193 3329 1366 3400 Masehius

131 3416 166 3473 61
185 3406 409 3473 Eiohhornius
439 3428 496 3489 pro
523 3411 602 3468 1738
626 3405 773 3473 seribunt
800 3413 878 3472 1739
903 3419 936 3475 61
963 3411 1019 3476 ille
1047 3413 1179 3495 quidem
1206 3425 1366 3499 provooat

132 3492 174 3559 ad
207 3493 347 3558 diarium
379 3492 681 3576 Frdhaufgeleeene
711 3492 857 3560 Friehte
894 3500 973 3560 1738
1006 3519 1037 3582 p.
1068 3503 1126 3562 159
1160 3500 1219 3566 ubi
1251 3510 1364 3570 temen

132 3577 286 3646 distinete
307 3599 388 3645 vera
410 3578 490 3644 anni
511 3585 590 3644 nota
610 3578 824 3662 significatur.

306 3788 358 3849 'L’
400 3787 555 3847 LIPSIAE
573 3806 607 3846 66
624 3789 740 3858 officina
763 3793 1001 3852 wedereiba.
1038 3797 1128 3855 1737.
1162 3799 1189 3859 8.

215 3920 472 3988 Ρ6666661661666
493 3924 683 4006 Lipsienses
706 3922 817 3990 reeudi
844 3927 1012 3995 iusserunt
1033 3927 1089 4012 οὔχ
1109 3928 1269 4016 ἅρπαγμὸν
1299 3934 1366 4018 ἡγη-

130 4005 260 4086 σάμενοι,
283 4017 418 4073 curante
441 4009 576 4073 Andrea
596 4008 746 4092 Buttigio
768 4010 860 4078 euius
881 4015 1039 4096 praefatio
1062 4037 1132 4082 rem
1151 4019 1248 4101 quasi
1265 4020 1389 4090 laude

130 4091 359 4177 dignissimam
380 4095 562 4160 eonfitetur.

259 4302 314 4364 8.*
355 4303 559 4364 TUBINGAE
582 4307 712 4378 impensis
734 4306 798 4364 etr.
816 4309 902 4365 Henr.
923 4313 1038 4383 Bes-aer.
1075 4313 1164 4375 1753.
1201 4316 1231 4377 8.

213 4435 326 4503 Editio
353 4436 508 4520 Bengelii
534 4438 698 4503 manualis
725 4438 876 4520 6666616,
905 4444 992 4528 typis
1019 4444 1199 4513 minoribus
1226 4458 1419 4520 exaratas

127 4527 162 4586 et
182 4541 271 4587 nova
291 4521 312 4585 i.
335 4543 361 4587 e.
385 4524 483 4587 tertia
503 4523 704 4605 praefatione
722 4524 959 4594 commendata.
1000 4530 1179 4599 Pelluntur
1218 4534 1255 4602 ui
1275 4535 1419 4608 hanon

117 4606 270 4690 priorem
289 4606 483 4690 simpliciter
504 4606 686 4675 deseribere
708 4613 883 4679 affirmant
929 4615 1054 4683 'sextus
1075 4618 1185 4684 saue‘
1305 4620 1419 4693 sedfi
