3000 5024
129 222 169 283 14
594 210 880 270 Parammon

126 386 336 474 praecedenti
348 385 525 453 desciscere
541 384 660 452 docens
670 384 764 452 facile
782 384 898 467 cuique
908 383 1111 468 persuadebo
1126 383 1200 449 illas
1211 382 1278 449 viri
1292 382 1361 449 cla·

127 472 249 540 rissimi
281 472 520 558 recognitiones
558 473 616 539 vix
647 471 781 538 modurn
819 469 1060 537 emendationis
1100 470 1362 555 typographicae

128 560 319 639 excessisse,
338 567 489 642 quartam
506 566 618 623 tamen
636 558 839 641 aliquatenus
856 557 1088 623 accuratiorem
1106 557 1217 634 fuisse,
1236 556 1364 622 scilicet

128 645 328 730 Apocalypsi
350 645 392 710 ad
413 645 582 728 exemplar
604 643 838 727 (iomplntense
863 645 1031 727 castigata.
1078 641 1187 708 Simul
1208 642 1363 708 omnibus

127 731 210 797 meis
232 732 524 815 computationibus
546 731 587 795 ad
610 753 713 795 unum
736 729 829 794 illum
851 751 1025 794 numerum
1044 729 1167 794 exactis
1188 749 1285 811 quem
1309 749 1363 793 re·

128 817 278 902 gularem
300 817 450 897 dixerim,
473 816 507 882 id
529 826 579 883 est
600 817 735 901 regulae
756 817 861 882 instar
879 814 1072 894 adhibitum,
1094 814 1293 879 familiarum
1314 813 1364 879 di-

128 923 258 971 versam
279 903 423 970 indolem
445 903 637 987 simpliciter
665 911 699 969 et
719 903 891 986 perspicue
920 901 1065 967 indicare
1094 921 1237 984 possum,
1266 901 1364 966 cuius

128 989 178 1055 rei
199 990 351 1074 exempla
377 990 478 1056 lector
499 990 586 1054 infra
613 996 661 1055 tot
689 996 820 1072 tamque
847 988 937 1055 clara
964 988 1111 1054 inveniet
1137 994 1175 1052 nt
1203 986 1264 1053 hoc
1293 986 1365 1053 loco

128 1097 195 1228 unio
216 1076 363 1142 alterove
395 1076 494 1142 allato
516 1075 690 1141 consilium
720 1096 831 1141 meum
852 1075 1020 1140 illustrare
1045 1073 1267 1140 necessarium
1295 1094 1366 1139 non

129 1163 165 1229 vi
189 1168 292 1229 eatur.

217 1247 396 1314 Caeterum
423 1248 589 1331 pertinent
615 1270 658 1313 ex
684 1247 868 1312 millenario
897 1253 1011 1311 nostro
1037 1266 1175 1311 numero
1204 1243 1245 1309 ad
1275 1245 1366 1310 Mat-

130 1334 267 1399 thaeum
288 1334 349 1399 loci
375 1337 446 1413 136,
469 1334 511 1399 ad
532 1335 683 1401 Marcum
707 1339 757 1412 94,
781 1333 822 1398 ad
845 1333 973 1399 Lucam
999 1337 1068 1410 110,
1091 1331 1132 1396 ad
1155 1353 1206 1398 ev.
1229 1331 1366 1398 Ioannis

131 1424 188 1500 553
210 1440 306 1502 porro
329 1417 370 1484 ad
387 1422 473 1485 Acta
497 1424 573 1500 1513
596 1420 637 1485 ad
658 1420 800 1485 Paulum
823 1423 895 1497 222,
918 1418 1029 1501 adep.
1054 1417 1096 1483 ad
1117 1417 1287 1484 Hebraeos
1311 1422 1363 1497 40,

131 1505 173 1573 ad
195 1526 267 1589 epp.
291 1504 402 1572 Iacchi
422 1506 516 1571 Petri
540 1514 573 1571 et
593 1505 696 1571 Iudae
720 1510 770 1585 64,
798 1505 840 1571 ad
862 1526 933 1589 epp.
957 1504 1092 1569 Ioannis
1112 1508 1141 1583 9,
1171 1504 1211 1569 ad
1233 1505 1364 1587 Apoca-

130 1592 242 1678 lypsin
267 1597 336 1657 1111.
380 1591 450 1658 Iam
472 1613 573 1676 quum
594 1592 739 1657 delectus
760 1592 905 1657 locorum
927 1593 962 1655 in
984 1591 1133 1656 omnibus
1144 1591 1184 1655 N.
1199 1592 1235 1654 Τ.
1260 1590 1365 1674 parti·

130 1679 192 1745 bus
210 1677 251 1743 ad
262 1677 395 1743 easdem
416 1677 507 1761 leges
529 1684 563 1743 et
583 1679 727 1744 rationes
746 1679 852 1743 factus
874 1678 925 1757 sit,
949 1699 992 1742 ex
1012 1676 1085 1742 istis
1097 1677 1241 1741 numeris
1264 1676 1365 1742 simul

34 1790 38 1797 ·
154 1770 223 1830 atet
240 1763 446 1849 singulorum
471 1762 629 1828 librorum
651 1772 781 1829 textum
803 1786 868 1829 non
890 1763 1023 1839 easdem
1050 1773 1234 1846 temporum
1264 1770 1298 1826 et
1324 1763 1365 1828 li·

129 1786 313 1917 lncriorum
344 1850 482 1915 iniurias
510 1858 684 1931 expertum
715 1872 785 1916 esse
813 1851 865 1915 vel
895 1851 994 1915 etiam
1016 1858 1167 1917 veterum
1197 1847 1365 1914 editorum

131 1936 305 2004 inscitiam.
349 1936 436 2001 Prae
457 1936 594 2001 caeteris
621 1936 837 2021 Apocalypsis
859 1943 893 2002 et
913 1939 999 2002 Acta
1019 1936 1055 2000 in
1081 1935 1249 2019 impressis
1276 1937 1366 2003 vari·

131 2032 190 2089 ant
211 2043 252 2088 ex
275 2043 337 2106 quo
360 2021 497 2088 eandem
519 2024 681 2088 rationem
703 2024 794 2088 etin
811 2043 912 2089 manu
935 2021 1065 2104 scriptis
1095 2021 1242 2086 obtinere
1269 2021 1366 2088 facile

133 2108 284 2194 colliges;
306 2109 395 2174 inter
412 2109 566 2191 epistolas
583 2109 736 2192 paulinae
754 2109 892 2175 caeteris
909 2108 1051 2174 feliciore
1069 2117 1156 2173 sorte
1174 2127 1253 2172 usae
1272 2115 1367 2188 sunt3

133 2194 343 2279 evangelium
365 2214 444 2260 vero
466 2202 501 2260 et
528 2195 686 2280 epistolae
707 2195 841 2260 Ioannis
863 2194 969 2259 multo
990 2195 1097 2259 rarius
1125 2214 1223 2276 quam
1248 2194 1368 2278 reliqui

132 2280 209 2346 libri
227 2301 340 2346 omnes
363 2300 568 2364 compassae
586 2290 664 2346 sunt
686 2283 867 2366 scripturae
887 2282 1080 2348 varietatem
1098 2300 1195 2363 quam
1217 2277 1369 2347 hocloco

134 2366 265 2434 silentio
286 2367 466 2449 praeterire
487 2389 553 2432 non
574 2375 732 2450 poteram.

220 2450 288 2518 Sed
309 2451 345 2516 in
367 2451 583 2535 producendis
605 2454 670 2520 illis
693 2451 916 2534 varietatibus,
939 2453 1055 2536 quibus
1076 2473 1156 2517 usus
1184 2452 1368 2519 editionum

135 2537 369 2622 discrepantias
392 2538 579 2623 significabo
602 2546 634 2605 et
654 2539 796 2604 familias
814 2540 1020 2618 constituam,
1043 2560 1115 2603 eam
1134 2540 1297 2604 rationem
1317 2562 1369 2606 se·

135 2647 216 2709 quar
236 2630 276 2689 ut
296 2624 430 2690 lecturis
452 2624 599 2709 singulas
624 2647 691 2690 non
713 2625 810 2690 simul
833 2632 867 2690 et
888 2647 954 2690 uno
983 2631 1158 2707 conspectu
1187 2646 1369 2708 proponam

135 2711 193 2779 sed
213 2731 273 2797 pro
295 2712 522 2777 recensicnum
545 2711 732 2778 criticarum
760 2712 963 2777 successione
981 2709 1120 2776 subinde
1144 2719 1178 2776 et
1199 2711 1369 2796 sigillatim

136 2819 192 2864 eas
221 2819 302 2881 quas
331 2797 452 2880 singuli
482 2797 587 2864 critici
617 2798 711 2881 quasi
738 2797 872 2863 civitate
898 2797 1072 2862 donarunt
1118 2796 1234 2881 Itaque
1256 2800 1370 2864 statim

137 2884 173 2950 in
196 2884 304 2968 operis
324 2884 427 2949 nostri
449 2883 556 2948 fronte
579 2885 695 2950 seriem
716 2885 865 2951 invenies
887 2883 1062 2950 lectionum
1086 2884 1202 2965 quibus
1228 2887 1370 2969 receptis

136 2970 220 3037 duae
248 2969 406 3035 editiones
432 2969 607 3053 principes,
636 2969 879 3053 Complutensis
912 2976 945 3034 ct
970 2971 1150 3050 Erasmica,
1184 2970 1271 3035 inter
1299 2991 1402 3053 sese·

137 3056 304 3123 differunt.
350 3055 441 3137 Quas
463 3076 524 3139 pro
546 3058 614 3121 suis
636 3057 840 3141 singularum
863 3057 1047 3140 provinciis,
1070 3056 1146 3138 plus
1167 3055 1278 3123 minus
1304 3056 1370 3122 late

136 3143 323 3228 patentibus
347 3142 495 3222 inlibris
518 3150 631 3226 postea
652 3143 806 3227 vulgatis,
829 3144 865 3209 in
888 3142 1033 3207 diversas
1060 3143 1181 3208 classes
1208 3142 1369 3223 distribui,

137 3230 293 3315 appositis
316 3227 417 3313 siglis,
440 3249 558 3312 nempe
580 3229 683 3295 literis
705 3229 828 3312 A—T3
850 3229 898 3294 ita
924 3236 962 3293 ut
984 3228 1074 3292 nullo
1098 3229 1229 3313 negotio
1256 3231 1370 3296 unius·

53 3349 57 3357 ·
137 3318 295 3398 cuiusque
316 3315 458 3380 familiae
480 3315 533 3380 vel
556 3315 707 3381 editionis
729 3315 918 3398 posterioris
940 3315 980 3379 ad
1002 3314 1076 3379 illas
1100 3315 1263 3398 principes
1285 3316 1369 3381 ratio

136 3402 249 3485 paucis
272 3401 379 3465 notari
401 3401 512 3483 possit.
558 3400 685 3482 Quibus
708 3400 826 3467 deinde
847 3401 1002 3468 accedent
1022 3399 1177 3466 lectiones
1198 3401 1239 3466 ab
1267 3403 1369 3469 Eras-

136 3508 191 3553 mo
221 3487 258 3551 in
281 3486 409 3551 iteratis
438 3487 506 3551 suis
532 3487 729 3554 editionibus
756 3497 905 3569 receptae
935 3486 1008 3570 (U),
1037 3494 1108 3551 turn
1137 3507 1216 3570 quas
1242 3490 1369 3570 primus

138 3573 314 3639 Golinaeus
327 3573 398 3657 (V),
422 3571 697 3655 stephanum)
721 3574 854 3639 ethna
875 3573 941 3658 (X)
960 3574 1097 3653 habent;
1120 3594 1215 3656 porro
1234 3575 1372 3641 venient

136 3660 214 3725 illae
231 3681 312 3742 quas
332 3658 435 3723 critici
454 3659 631 3741 superioris
643 3660 764 3726 saeculi
777 3659 938 3726 Wellsine
957 3660 1030 3744 (Υ),
1048 3659 1177 3724 Mucius
1189 3659 1258 3743 (Z),
1282 3662 1372 3726 Ben-

138 3746 243 3831 gclius
266 3748 334 3827 (Γ),
348 3745 553 3810 Wetstenius
575 3745 640 3830 (Δ),
662 3745 878 3813 Harwoodius
901 3746 974 3831 (Θ),
997 3746 1233 3811 Griesbaobius
1255 3745 1318 3831 (Λ)
1340 3756 1374 3813 et

138 3832 341 3899 Matthaeius
363 3830 421 3914 (Ξ)
445 3831 543 3913 primi
564 3831 835 3898 commendarunt
864 3833 986 3898 sensim
1015 3833 1252 3898 recentioribus
1283 3836 1372 3900 viam

139 3925 373 4003 praeparantes
394 3917 553 3982 librorum
575 3940 694 3985 novam
713 3920 851 3985 formam
870 3919 1038 4001 auspicati.
1069 3920 1200 4002 Agmen
1215 3918 1376 3986 claudent

139 4005 244 4073 critici
261 4003 365 4069 nostri
383 4003 538 4086 temporis
556 4013 630 4087 post
648 4006 900 4072 Griesbachium
917 4005 999 4071 clari
1017 4005 1212 4089 (ΠΣΦΦΩ),
1232 4027 1375 4088 quorum

140 4112 204 4175 quo
225 4091 335 4156 minus
356 4091 491 4155 nomina
507 4090 569 4158 hcc
588 4091 657 4158 1666
674 4113 852 4158 memorem
870 4093 1017 4176 ipsorum
1035 4091 1122 4174 apud
1142 4101 1272 4158 exteros
1293 4113 1375 4176 qno-

140 4199 204 4262 que
227 4177 416 4255 decantatae
437 4177 552 4242 laudes
573 4185 698 4245 vetant.

231 4402 316 4485 Quae
342 4401 378 4467 ie
405 4402 601 4486 sequentibus
633 4403 794 4470 asteriscis
819 4406 965 4469 notamur
998 4403 1154 4483 editiones,
1186 4422 1243 4470 ecs
1268 4422 1378 4474 omues

141 4489 208 4574 ipse
228 4489 372 4573 possideo
393 4490 593 4572 6616666666
613 4494 751 4555 oneratos.
