3000 5024
701 1344 819 1406 ΟΑΡΠΤ
837 1346 911 1403 VIII.

453 1522 824 1636 EDITIONES,
841 1515 1164 1622 BEZANAE.

280 1830 443 1897 Theodori
465 1831 573 1896 Benac
595 1850 715 1896 nomen
737 1830 771 1894 in
794 1829 942 1896 historiis
966 1831 1018 1896 sui
1041 1829 1162 1896 saeculi
1185 1828 1265 1895 adeo
1289 1829 1435 1896 celebra-

192 1924 334 1985 tumut
361 1918 561 1984 cumulatius
591 1914 715 1999 aliquid
741 1916 778 1980 in
805 1916 938 1983 leudem
967 1916 1039 1983 11111
1067 1915 1121 1983 hic
1151 1914 1272 1982 addere
1299 1935 1434 1982 necesso

193 2004 336 2071 nonsit.
380 2003 493 2070 Etiam
516 2012 675 2086 quantam
705 2008 739 2066 et
761 2003 891 2086 qualem
915 2024 1049 2087 operam
1071 2002 1241 2086 vertendis
1267 2008 1302 2068 et
1328 2001 1434 2086 expli·

193 2089 306 2158 caudis
328 2088 421 2155 libris
443 2091 544 2156 sacris
563 2087 764 2172 impenderit
786 2110 805 2154 a
828 2096 940 2155 nostro
963 2089 1116 2155 instituto
1142 2089 1250 2154 dicore
1278 2087 1433 2156 alienum.

193 2177 357 2244 Oonsulas
380 2175 421 2241 de
444 2176 497 2242 his
519 2176 618 2241 robus
642 2176 772 2258 eosqui
793 2174 833 2240 de
852 2177 922 2242 eius
940 2174 1139 2242 editionibus
1157 2181 1233 2241 ante
1249 2196 1311 2241 nos
1329 2174 1434 2259 scrip·

195 2268 310 2331 serunt
343 2283 520 2346 earumque
547 2263 687 2328 formam
715 2259 863 2327 subsidia
889 2263 1006 2327 merita
1038 2260 1188 2346 pluribus
1220 2260 1435 2328 illustrarunt

183 2374 227 2418 1.
253 2369 279 2414 1.
309 2348 496 2414 Meschium
524 2348 705 2413 Leones.
740 2347 1035 2432 Baumgartenium
1064 2348 1100 2412 in
1128 2347 1248 2414 Nachr.
1272 2346 1333 2412 IV.
1357 2349 1431 2428 3863

194 2435 385 2501 Kuochinm
402 2456 433 2518 p.
449 2439 520 2499 391.
543 2433 832 2499 Rosenmiillcrum
854 2437 889 2499 in
910 2434 987 2499 bibl.
1005 2433 1072 2500 Lit.
1092 2434 1118 2499 I.
1138 2438 1255 2500 40011.
1278 2441 1313 2499 11
1330 2432 1433 2498 libros

195 2522 377 2605 isagogicoe
397 2523 485 2586 inter
512 2541 593 2604 quos
620 2520 720 2586 etiam
742 2520 885 2586 Marehii
907 2527 1003 2586 notas
1031 2520 1072 2586 ad
1094 2519 1292 2586 Michaelem
1312 2541 1344 2603 p.
1368 2522 1432 2603 858

195 2607 346 2674 laudatas
367 2606 475 2674 vclim.
510 2606 638 2687 Quibus
661 2607 829 2673 autoribus
852 2606 1024 2673 Guilielmi
1034 2606 1166 2672 Baumii
1187 2605 1293 2672 nostri
1310 2626 1434 2672 nomen

195 2715 249 2761 me
271 2691 390 2758 addere
412 2713 480 2758 non
501 2714 596 2776 posse
618 2713 818 2778 magnopere
836 2692 938 2774 doleo,
957 2693 1051 2760 cuius
1068 2693 1140 2762 vita
1150 2693 1266 2772 Bonae,
1286 2691 1434 2775 alioquin

197 2776 405 2866 splendidum
444 2779 639 2845 eruditionis
679 2787 712 2845 et
750 2779 922 2846 facundiae
954 2786 1217 2860 monumentum,
1256 2777 1339 2843 citra
1371 2778 1433 2846 hos

198 2867 321 2935 summi
346 2867 410 2933 viri
437 2865 566 2932 labores
599 2864 763 2945 substitit,
792 2865 1002 2950 probabiliter
1034 2886 1203 2950 nunquam
1235 2863 1325 2932 ultra
1356 2885 1433 2949 pro-

238 2974 361 3020 essura.

197 2975 237 3040 gr
284 3041 358 3106 Hoc
387 3039 458 3105 loco
486 3038 526 3105 de
553 3059 670 3122 graeco
699 3045 793 3104 textu
822 3039 891 3105 solo
921 3037 1060 3107 dicam.
1088 3030 1302 3106 constater
1328 3039 1434 3124 ipsius

198 3127 306 3196 Besae
328 3148 393 3207 ore,
416 3126 511 3191 illum
533 3125 760 3192 collationibus
788 3125 927 3193 Henrici
949 3124 1121 3210 Stephani,
1144 3146 1204 3209 pro
1227 3126 1292 3192 viri
1315 3127 1433 3193 huma·

199 3213 329 3280 nissimi
360 3213 572 3293 liberalitate,
607 3210 755 3277 adiutum
788 3211 920 3296 proprio
954 3220 1060 3278 marte
1083 3220 1287 3294 apparatum
1317 3220 1435 3297 postea

201 3301 349 3378 auxisse,
382 3299 531 3381 pluribus
565 3299 708 3382 optimae
734 3305 834 3369 notae
861 3299 1025 3365 codicibus
1054 3299 1091 3363 in
1123 3307 1221 3364 suum
1248 3320 1346 3366 usum
1375 3321 1435 3365 cx·

201 3387 329 3470 carptis,
352 3386 419 3450 imo
438 3391 471 3448 11
489 3383 693 3451 versionibus
710 3384 879 3451 nonnullis
896 3384 1108 3450 orientalibus
1127 3385 1283 3469 inspectis
1301 3385 1436 3471 gloriari

200 3473 353 3556 potuisse.
389 3471 518 3536 Verum
539 3492 607 3535 non
628 3469 789 3537 invidiose
811 3471 940 3554 quaerit
961 3470 1087 3536 Millius
1109 3471 1181 3554 quis
1204 3493 1283 3537 usus
1301 3472 1436 3539 aritiens

201 3559 318 3624 talium
348 3558 514 3640 copiarum
548 3556 663 3637 fuerit,
696 3558 769 3640 quis
802 3557 929 3623 fructus
963 3557 997 3622 in
1031 3555 1273 3622 emendandum
1305 3565 1436 3624 textum

200 3642 414 3710 redundarit?
459 3643 606 3709 Adhibet
628 3665 683 3709 cas
705 3643 864 3708 nimirum
890 3644 1015 3726 passim
1042 3642 1083 3708 ad
1111 3642 1322 3727 explicandos
1351 3646 1435 3728 srip-

201 3738 295 3797 turae
318 3751 445 3810 sensus,
469 3751 535 3795 non
557 3752 726 3813 nunquam
748 3728 790 3794 ad
808 3730 1007 3815 hypotheses
1023 3748 1099 3795 suas
1117 3730 1339 3811 stabiliendae,
1359 3752 1436 3796 raro

202 3817 244 3884 ad
276 3815 458 3883 eruendum
492 3816 576 3883 sacri
609 3815 727 3883 codicis
760 3824 888 3882 textum
921 3817 1113 3901 genuinum.
1163 3815 1217 3882 Dc
1250 3816 1312 3884 hoc
1347 3818 1435 3882 enim

199 3923 318 3989 parum
339 3904 468 3969 laborat
489 3909 523 3968 et
545 3903 600 3968 ubi
623 3902 833 3969 delectionis
856 3902 1027 3969 cuiusdam
1055 3902 1227 3968 authentia
1248 3904 1334 3969 forte
1356 3908 1435 3989 agit,

202 3990 346 4057 ostendit
365 4011 463 4073 quam
491 4001 583 4054 curta
611 3989 675 4072 ipsi
704 3989 860 4055 1011111111
890 3990 1021 4055 criticae
1049 3988 1199 4072 supellex
1220 3991 1334 4071 fuerit,
1364 3993 1435 4058 viro

201 4076 781 4161 aliasmaximoetperspicacissimo.
817 4074 945 4156 Quibus
968 4077 1048 4141 tanti
1071 4075 1189 4142 iudicis
1210 4076 1320 4161 paullo
1342 4099 1435 4143 seve-

200 4165 269 4232 rius
292 4162 386 4231 dictis
404 4164 462 4233 vix
480 4171 531 4228 est
548 4182 607 4227 cur
625 4162 784 4228 calculum
804 4183 870 4227 non
888 4161 1045 4245 adiiciam,
1069 4163 1097 4229 si
1114 4184 1156 4228 ex
1173 4170 1285 4228 mente
1303 4172 1437 4231 nostrae

201 4253 318 4318 aetatis
346 4273 417 4317 rem
444 4250 576 4334 exigere
606 4249 715 4316 velim.
760 4249 871 4315 Habet
898 4273 978 4318 vero
1006 4250 1094 4316 Bona
1122 4250 1367 4317 excusationem
1394 4273 1436 4318 ex

87 4349 89 4354 '
201 4339 253 4404 sui
276 4339 399 4406 saeculi
421 4347 455 4404 11
475 4337 679 4403 imbecilliori
701 4338 836 4403 scientia
858 4346 890 4404 ot
912 4338 1029 4405 acriori
1050 4340 1085 4403 in
1108 4339 1206 4406 rebus
1226 4341 1328 4416 sacris
1351 4338 1436 4404 diffi-

201 4422 321 4492 dentia.
367 4426 544 4491 Caeterum
564 4425 635 4508 ipse
656 4445 724 4490 non
746 4426 774 4490 11
796 4432 867 4492 1111
887 4427 957 4510 qui,
988 4426 1097 4492 missis
1124 4427 1255 4493 maioris
1277 4427 1438 4493 momenti

202 4513 320 4577 studiis
342 4511 533 4597 theologicis
555 4522 588 4577 et
610 4512 847 4594 ecclesiasticis,
870 4514 1019 4579 animum
1041 4511 1082 4578 ad
1099 4520 1206 4578 artem
1222 4533 1313 4580 more
1332 4514 1438 4599 philo·

198 4596 342 4683 logicam
367 4598 463 4668 unice
485 4598 670 4689 applicaret.
