3000 5024
66 259 92 307 11
303 249 503 309 uumerus
520 250 1057 311 emnsaaofflouuzavnttartffl.
1234 259 1298 321 217
1363 200 1365 205 '

437 513 462 595 q.
485 512 513 575 e.
557 507 718 579 numo
740 509 929 579 vuueri.

232 667 282 728 rr.
324 669 487 729 aennon
505 670 621 744 peasa
636 673 673 751 sp
689 674 726 729 n.
743 674 769 728 1.
793 672 889 747 rapa.
910 669 999 728 rare.
1024 672 1040 730 a
1064 679 1083 727 ι.
1107 670 1134 731 a.

149 805 282 871 Novum
321 802 567 870 Testamentum
608 823 650 868 an
674 804 745 870 lieis
784 805 870 870 notis
909 803 1113 870 illustratum
1146 805 1186 872 ab
1213 805 1300 871 lldu,

67 891 187 977 Valpy,
222 891 278 974 qui
306 890 380 955 illas
401 891 436 954 in
459 911 555 956 nsum
590 896 643 955 stn
669 890 755 956 ‘osae
787 891 969 955 iuventutis
1002 911 1045 956 ex
1065 891 1302 974 antiquioribus

66 978 271 1061 potissimum
298 975 489 1054 soholiastis,
512 975 633 1041 saeculi
654 976 768 1041 XVII.
795 976 970 1060 philologis
998 976 1137 1062 eollegit
1181 975 1300 1043 Varia·

68 1085 139 1128 mm
166 1062 347 1129 leotionum
375 1060 519 1127 deleotus
547 1062 654 1127 textui
681 1063 881 1128 subiunetus.
927 1061 1066 1129 Librum
1093 1064 1201 1146 ipsum
1234 1085 1301 1129 non

68 1148 143 1230 vidi,
167 1148 225 1216 sed
236 1170 279 1215 ex
292 1148 334 1214 iis
349 1169 433 1232 qnae
451 1146 492 1212 de
514 1167 551 1212 eo
563 1148 645 1212 mihi
659 1148 827 1232 reseripsit
838 1149 1095 1215 humanissimus
1106 1150 1146 1215 A.
1161 1150 1302 1235 Kuyper

67 1257 106 1301 ex
126 1234 326 1302 bibliotheea
345 1233 658 1319 augauno-Batava
684 1255 761 1302 eum
781 1256 856 1300 eum
877 1233 1071 1302 editionibus
1091 1235 1302 1319 sequentibus

67 1321 241 1390 eonveuire
262 1320 388 1406 oolligo.

233 1494 308 1559 aa*
324 1496 488 1556 neuneu
502 1492 620 1573 piato
642 1501 676 1570 a
693 1501 729 1556 n.
747 1501 772 1555 1.
796 1499 891 1574 apa
919 1495 1007 1557 1aae.
1032 1498 1049 1556 3
1072 1507 1092 1560 a.
1117 1496 1145 1560 a

151 1629 382 1697 Praemittitnr
411 1630 489 1698 huie
516 1630 679 1698 secundae
708 1632 851 1713 editioni,
884 1632 992 1700 neseio
1026 1653 1069 1697 an
1101 1638 1135 1698 et
1166 1629 1301 1714 primae,

67 1717 207 1801 epitome
228 1716 304 1783 libri
326 1715 412 1801 apud
430 1717 555 1802 Auglos
573 1719 830 1785 aestimetissimi
851 1739 946 1803 quem
968 1719 1044 1783 olim
1065 1716 1303 1786 Middletonius

66 1824 114 1888 ep.
133 1801 174 1869 de
195 1823 312 1887 graeco
333 1803 470 1870 artierrlo
493 1804 676 1888 scripserat.
702 1801 795 1888 Opus
816 1806 924 1888 ipsum
942 1804 1089 1889 amplum
1110 1811 1143 1869 et
1160 1803 1303 1887 elegans.

65 1890 191 1955 Textns
213 1911 232 1954 a
253 1886 384 1974 Velpyo
407 1890 514 1956 editus
535 1890 759 1975 Bangelianus
787 1900 852 1970 est,
885 1897 974 1957 oerte
1002 1890 1192 1974 saepissime
1212 1889 1303 1955 Ben-

65 1975 232 2061 geliannm
255 1976 414 2058 sequitur,
444 1976 496 2041 vel
524 1975 559 2040 in
587 1975 781 2043 lectionibus
803 1976 899 2060 plane
922 1976 1156 2063 singularibus,
1180 1982 1213 2041 et
1234 1994 1303 2041 non

65 2062 131 2128 nisi
153 2062 325 2146 sexaginta
346 2068 380 2126 et
405 2063 547 2145 quinque
576 2062 654 2129 loois
683 2063 723 2129 ab
754 2085 791 2129 eo
814 2062 960 2143 discedit,
984 2063 1108 2129 soilieet
1128 2062 1304 2145 quinquies

67 2155 100 2214 et
120 2147 316 2232 quadragies
342 2147 481 2214 leotione
505 2148 763 2216 Griesbaehiana
785 2155 926 2234 reeepta,
946 2150 1120 2234 quinquies
1142 2154 1175 2212 et
1196 2147 1303 2212 deeies

67 2234 169 2301 veteri
192 2233 334 2319 vulgata,
357 2234 530 2319 quinquies
553 2235 670 2301 saltem
693 2237 787 2302 unois
817 2235 972 2302 adhibitis
994 2234 1207 2302 Griesbaehie
1228 2253 1304 2316 pro·

66 2321 175 2386 ximus
209 2319 263 2398 (A.
298 2324 345 2382 15.
378 2323 424 2382 18.
454 2322 503 2383 2⁸2.
537 2321 578 2386 R.
611 2326 681 2387 316.
717 2320 752 2387 S.
777 2323 863 2405 319).
909 2319 1161 2389 Observandum
1193 2327 1305 2385 tamen

65 2406 235 2473 leotionem
258 2405 551 2473 Griesbaehianam
573 2428 593 2471 a
615 2414 728 2474 nostro
758 2415 923 2491 receptam
951 2409 1016 2474 iarn
1046 2406 1247 2492 aBengelio
1268 2405 1305 2471 in

67 2493 216 2579 margine
248 2491 509 2559 commendatam
540 2493 643 2560 fuisse
671 2493 752 2560 loeis
783 2495 904 2580 viginti
938 2493 1074 2560 duobus.
1125 2493 1178 2559 De
1210 2497 1306 2558 textu

67 2600 124 2646 suo
147 2577 253 2645 editor
273 2579 309 2644 in
330 2579 530 2662 praefatione
549 2600 591 2645 ne
612 2578 663 2666 rei
687 2579 832 2664 quidem:
851 2602 968 2648 verum
990 2602 1093 2665 quum
1115 2600 1188 2646 rem
1211 2598 1307 2645 snam

69 2666 147 2732 satis
167 2665 309 2816 Simplidi
330 2666 460 2749 negotio
479 2666 665 2747 eonfeeerit,
685 2666 817 2752 singula
839 2667 1001 2734 euriosins
1022 2666 1175 2752 persequi
1193 2685 1308 2751 snper·

69 2773 246 2820 vaoaneum
290 2771 360 2818 noo.

239 2922 307 2990 aa*
328 2927 492 2987 noanon
506 2929 621 3003 paese
637 2931 670 3000 a
687 2932 723 2987 A.
742 2931 767 2985 1.
792 2929 886 3002 napy.
908 2929 997 2990 1831.
1019 2930 1035 2987 a
1060 2939 1079 2986 r.
1103 2928 1130 2987 a

154 3062 280 3128 Duobis
322 3062 401 3128 loeis
430 3083 457 3128 a.
488 3061 697 3146 praeoedenti
726 3061 895 3145 discrepat,
930 3061 1033 3126 eidem
1071 3067 1239 3127 caeterum
1271 3065 1305 3124 et

74 3156 209 3215 externa
230 3148 311 3215 faeie
333 3156 368 3213 et
394 3149 499 3231 quoad
528 3148 799 3212 eommentarium
828 3148 1010 3228 simillima,
1044 3148 1109 3212 nisi
1136 3145 1223 3229 quod
1254 3145 1308 3211 hie

73 3234 254 3319 paullulum
275 3242 389 3301 anetus
411 3243 555 3317 apparet.
601 3231 735 3300 Seilieet
757 3234 859 3299 Maro.
885 3241 913 3314 7,
938 3237 987 3299 26.
1012 3231 1308 3299 Griesbaehiannm

72 3329 318 3407 συραφοινίκισσα
349 3321 486 3387 missum
517 3320 595 3385 fauit
627 3341 685 3402 pro
726 3320 830 3385 veteri
857 3320 1027 3387 Erasmieo
1060 3325 1309 3404 συροφοινίκισσα

71 3409 125 3486 (R.
151 3405 227 3493 317)
250 3429 270 3472 a
291 3406 392 3472 suetis
410 3407 477 3471 suis
500 3405 643 3471 lontibus
665 3405 786 3486 elieno;
818 3415 852 3472 et
874 3410 901 3473 2.
920 3409 1008 3472 Petr.
1035 3412 1062 3485 2,
1086 3408 1113 3470 2.
1148 3404 1204 3483 (K.
1230 3407 1307 3480 253)

69 3494 150 3561 item
170 3513 191 3558 a
212 3492 370 3577 Bengelio
393 3502 426 3558 et
448 3491 664 3558 Grieebaohio
686 3491 837 3558 desoisoit
857 3493 898 3558 ad
921 3500 1094 3576 reoeptam.

226 3701 275 3765 aa.
297 3702 737 3777 aeuuoupaaaanu
762 3704 858 3777 rapa.
902 3702 991 3764 reae.
1040 3705 1098 3761 aa.
1122 3701 1151 3761 a.

218 3789 266 3852 ae.
289 3788 454 3848 aennon
471 3792 586 3865 patrea
602 3791 636 3860 a
654 3791 689 3845 A.
708 3791 733 3845 1.
758 3790 852 3864 rapa.
900 3789 991 3850 rasa.
1039 3790 1055 3847 3
1077 3799 1096 3845 a.
1121 3788 1148 3848 a.

146 3924 271 3992 Titulos
293 3946 334 3991 ex
356 3923 512 4006 oatalogis
533 3923 635 3990 variis
657 3923 816 3987 librorum
838 3922 1007 3989 venalium
1032 3920 1186 3989 describo.

318 4150 333 4232 r
358 4153 385 4212 r.
428 4145 592 4214 uururo
614 4143 1049 4214 wnruununaoauu.

72 4331 150 4405 aa*
179 4339 346 4402 nouum
377 4344 407 4399 a
434 4343 548 4400 aanor
578 4343 742 4487 Kapsa&
760 4343 837 4486 age
865 4343 943 4413 apra
959 4339 994 4396 e.
1024 4348 1050 4396 a
1081 4339 1121 4396 W.
1143 4339 1180 4394 n.
1212 4333 1310 4393 aaa·

560 4448 579 4486 o
597 4433 674 4486 ael
744 4474 751 4489 .
815 4474 821 4488 .

161 4561 282 4626 Textui
309 4560 395 4627 binis
424 4561 586 4627 eolumnis
616 4581 771 4646 expresso
803 4560 1062 4644 praemittuntur
1089 4556 1211 4640 passim
1241 4555 1308 4619 sin·

69 4646 227 4734 galerum
261 4646 420 4715 librorum
458 4656 652 4734 argumenta
683 4646 843 4728 breviora,
875 4664 980 4730 neque
1010 4643 1100 4710 aliud
1132 4641 1312 4728 quidquam
