3000 5024
75 242 105 300 Χ
343 240 539 302 aulrlortns
558 244 1042 309 armanno-anzawamuna.
1249 258 1307 321 161

382 508 450 591 69.
493 506 656 575 EDI'PIO
678 510 1000 580 TAURINENSIS.

235 702 239 711 '
262 714 342 803 aa·
385 715 552 779 rnuaml
572 736 606 779 a
621 723 803 797 wopam
819 725 906 797 aaa.
936 723 1028 785 1741.
1061 720 1109 786 ιο.

98 933 106 947 .
158 848 270 915 Editio
297 870 416 935 parum
444 852 578 938 elegans
607 863 640 920 et
667 856 797 939 praeter
818 862 930 919 πίνακα
957 856 1105 922 looorum
1127 857 1168 923 V.
1193 858 1229 922 Τ.
1257 858 1306 923 nil

68 935 137 999 nrsi
161 942 291 1001 textum
317 935 444 1002 nudum
473 939 641 1006 exhibens.
693 938 759 1021 Qui
787 949 837 1006 est
864 942 1095 1008 Elaevirianus
1124 943 1188 1022 (ed.
1211 943 1305 1025 VH.)

68 1019 212 1087 subinde
233 1020 435 1089 ad-Roberti
457 1023 618 1108 Stephani
647 1025 825 1092 editionem
847 1029 989 1113 primam
1011 1027 1127 1115 (1546)
1148 1036 1304 1097 mutatus.

68 1104 197 1174 Omnes
218 1109 307 1174 enim
329 1108 484 1176 leotiones
505 1111 570 1178 huo
592 1112 724 1178 aliunde
746 1114 939 1193 translatae,
963 1115 1032 1180 sive
1055 1115 1305 1199 Compluten'ses

67 1193 139 1259 sint
168 1194 224 1279 (G.
248 1200 299 1260 45.
323 1200 374 1263 47.
398 1200 448 1261 48.
473 1200 523 1263 50.
548 1202 598 1264 bl.
623 1203 672 1264 54.
698 1202 748 1264 64.
771 1198 814 1264 Η.
841 1204 889 1266 68.
913 1202 954 1266 R.
979 1205 1050 1266 312.
1071 1201 1129 1268 W.
1155 1202 1209 1285 23)
1235 1203 1305 1268 sive

65 1278 446 1365 limma-Stephanium
474 1283 521 1368 (J.
551 1287 618 1365 105.
648 1291 715 1350 125.
741 1287 811 1349 216.
832 1286 872 1352 L.
898 1289 969 1353 256.
992 1286 1033 1353 U.
1060 1291 1113 1366 24)
1141 1288 1240 1353 simul
1269 1289 1305 1353 in

65 1364 128 1433 illa
148 1366 220 1433 sola
245 1369 469 1451 reperiuntur,
498 1392 541 1435 ex
562 1392 627 1454 qua
649 1370 841 1437 derivantur
863 1373 963 1439 etiam
984 1372 1041 1439 W.
1066 1378 1094 1439 8.
1121 1378 1168 1439 10.
1213 1374 1305 1441 Vitio

64 1472 243 1536 operarum
268 1475 385 1522 versus
414 1462 504 1522 lotus
531 1457 603 1523 Aet
632 1465 661 1538 9,
691 1459 740 1524 28.
768 1460 918 1527 omissus.
962 1459 1111 1545 Paginae
1136 1464 1206 1526 695.
1252 1459 1304 1528 Of.

62 1537 192 1609 Unsen
213 1540 255 1608 N.
281 1546 361 1605 1747
384 1564 416 1627 p.
440 1548 513 1610 sat.

137 1747 211 1814 99!
253 1751 416 1814 Parnm
432 1773 466 1814 aa
482 1765 587 1831 typoyr.
605 1756 757 1815 &misera
775 1776 820 1832 ap.
843 1759 885 1815 Io.
902 1758 1028 1826 Muufrl.
1060 1756 1149 1820 1745.
1182 1756 1229 1819 12.

151 1888 368 1956 Praecedenti
388 1888 505 1954 similis
524 1908 712 1972 quanquam
734 1889 823 1974 typis
841 1889 952 1973 paullo
970 1889 1153 1955 minoribus
1170 1910 1299 1956 extusa

62 1977 242 2043 Lectiones
264 1974 483 2060 Stephanieae
504 1975 654 2041 rariores.
688 1975 823 2041 Adsunt
844 1984 974 2041 tantum
997 1998 1038 2041 ex
1060 1974 1155 2041 modo
1178 1997 1300 2041 memo·

63 2063 164 2128 rabie:
192 2062 235 2128 G.
258 2065 308 2127 48.
331 2061 364 2128 J.
391 2064 459 2126 125.
485 2064 557 2126 216.
580 2062 621 2126 R.
648 2064 719 2127 312.
743 2062 783 2126 L.
807 2066 879 2124 256.
901 2062 942 2128 U.
968 2065 1016 2128 24.
1040 2062 1096 2127 W.
1120 2066 1148 2127 8.
1176 2065 1224 2127 10.
1249 2067 1298 2128 23.

62 2186 108 2198 -
130 2146 199 2215 Sed
220 2148 260 2215 ab
282 2147 445 2215 Elzeviris
467 2156 500 2212 at
517 2145 680 2231 Stephani
697 2147 724 2213 I.
748 2147 790 2213 ad
812 2149 984 2214 leotionem
1005 2155 1151 2214 veterem
1174 2149 1243 2213 abit
1263 2149 1300 2212 in

61 2233 186 2302 Matth.
211 2237 261 2316 24,
289 2240 335 2299 15.
359 2233 443 2306 ἑστός
471 2234 540 2315 (W.
565 2235 629 2317 31).
674 2233 786 2298 Editio
807 2233 956 2300 Masohio
984 2234 1106 2318 ignota.
1152 2235 1299 2319 Paginae

63 2325 137 2388 660.
181 2320 225 2387 In
245 2320 342 2387 titulo
364 2328 501 2405 apparet
522 2320 591 2386 aeri
612 2321 717 2386 ineisa
738 2321 846 2404 figure
874 2319 951 2385 fidei
976 2319 1094 2387 dextra
1121 2342 1177 2387 eor
1204 2322 1299 2386 flam-

60 2428 175 2474 meum
202 2406 377 2487 extollens,
410 2406 546 2472 sinistra
566 2406 728 2472 anohorae
755 2407 885 2485 innixa,
915 2428 991 2474 oum
1022 2407 1154 2493 adagio:
1198 2408 1300 2475 Ardet

60 2514 179 2561 ammte
198 2512 254 2578 epe
274 2494 353 2560 nixa
371 2493 459 2576 fides.
920 2528 924 2536 ·
1141 2532 1144 2537 -
1206 2531 1210 2539 ·
1279 2530 1285 2540 ·

126 2699 219 2767 roo*
261 2702 424 2764 rnrnvn
440 2721 473 2763 a
490 2714 596 2780 epta.
613 2704 764 2763 amatae
779 2724 826 2780 ap.
843 2705 884 2761 ο.
901 2704 1027 2771 Maesa-t.
1061 2706 1150 2766 1755.
1183 2704 1231 2767 ιο.

148 2838 353 2923 Simplioiter
374 2839 495 2922 repetit
516 2832 781 2923 praeoedent'em,
809 2836 946 2905 m'ondis'
959 2839 1161 2923 lo'o'upletior.
1183 2838 1295 2904 'Nus-

58 2947 163 3013 quam
188 2925 297 2993 adhuo
322 2927 528 3006 inveneram,
561 2946 667 3009 neque
695 2935 825 2992 exstare
853 2924 1021 2991 audieram
1048 2926 1198 2991 libellum
1226 2926 1297 2991 sola

57 3013 198 3081 raritate
218 3013 386 3099 insignem
403 3034 504 3096 quum
521 3011 605 3078 mihi
623 3033 729 3096 nuper
747 3033 788 3078 ex
805 3011 905 3077 Italia
926 3010 966 3078 ab
989 3013 1093 3080 amieo
1111 3012 1294 3083 afferretur.

124 3223 222 3284 101.e
264 3223 428 3284 rnrnvn
444 3242 478 3283 a
494 3223 1031 3299 epta.amttaataa.10.masra
1064 3174 1153 3281 uei.
1189 3222 1234 3282 οο.

145 3358 319 3426 Prioribus
347 3356 515 3424 simillima
542 3358 600 3424 sed
629 3363 758 3423 tantum
787 3361 851 3419 564
878 3356 1084 3440 paginarum.
1128 3357 1169 3421 ln
1197 3357 1295 3421 titulo

58 3444 190 3530 insigne
211 3445 307 3512 idem.
349 3447 475 3511 Textus
499 3451 549 3510 ter
571 3445 612 3509 ad
633 3444 881 3509 Elzevirianum
903 3443 989 3507 redit
1011 3443 1057 3521 (J.
1074 3447 1144 3507 125.
1168 3442 1207 3507 L.
1223 3445 1294 3507 256.

58 3532 113 3597 R.
129 3530 216 3618 312).
260 3532 304 3597 In
332 3531 512 3615 exemplari
540 3528 815 3613 Heidelbergensi
844 3527 975 3594 additur
1002 3550 1020 3593 e
1050 3529 1183 3613 regione
1206 3529 1296 3593 tituli

58 3616 172 3684 tabula
198 3617 374 3704 allegoriae
405 3617 475 3684 aeri
505 3618 609 3682 ineisa
636 3624 888 3700 repraesentans
915 3614 1025 3680 D'eum
1059 3621 1186 3697 patrem
1220 3637 1307 3682 eum·

60 3702 189 3789 Spiritu
209 3712 321 3772 saneto
343 3711 483 3789 quatuor
504 3703 724 3789 evangelistas
753 3711 787 3769 et
814 3701 978 3785 apostolos
1008 3699 1089 3766 duos
1117 3702 1293 3784 principes,

59 3812 134 3858 enm
162 3791 261 3858 titulo
288 3791 324 3856 in
340 3791 459 3857 medio
486 3791 606 3875 posito:
650 3788 689 3851 ‘H
707 3787 792 3867 καινὴ
812 3788 816 3874 Ι
836 3786 967 3866 διαθήκη
987 3788 992 3872 1
1013 3789 1138 3853 Novum
1162 3814 1166 3866 ,ι
1189 3790 1295 3853 Testa

59 3883 195 4032 agendaktln
212 3876 402 3963 [Palumbi
432 3878 577 3964 quinque
598 3877 702 3944 lineis.
746 3873 860 3942 Editio
882 3896 987 3958 neque
1009 3875 1157 3941 Masohio
1186 3894 1295 3958 noque

89 3986 146 4033 ore
173 3965 203 4031 'o
225 3972 318 4031 nota·

248 4159 352 4238 roa*
384 4174 895 4251 rarnvnaaaoaaapamaa.
926 4168 1099 4233 rien-12.

132 4310 242 4381 Ἠοοο
263 4313 403 4381 alteram
424 4310 570 4383 eiusdem
592 4310 672 4376 anni
693 4308 870 4374 editionem
892 4306 1061 4374 anemine
1078 4310 1293 4371 memoratam

62 4393 175 4469 detexi·
201 4401 345 4486 primum
378 4400 414 4465 in
447 4398 644 4467 bibliotheoa
669 4393 957 4479 Heidelbergensi,
991 4400 1103 4477 postea
1134 4392 1304 4476 Friburgi¹

58 4482 210 4564 venalem
231 4488 349 4573 reperi.
394 4487 426 4552 A
447 4484 662 4570 praeoeden'te
683 4503 763 4563 vere
784 4481 915 4548 diversa
937 4489 994 4546 est.
1039 4479 1127 4546 Nam
1148 4478 1291 4561 primum

54 4571 138 4662 typo
200 4574 279 4665 piria
300 4582 333 4640 et
353 4572 531 4657 bibliopola
551 4571 587 4635 in
609 4568 706 4635 titulo
728 4589 794 4663 non
815 4568 1041 4647 nominantur,
1069 4572 1141 4630 tum
1162 4565 1293 4666 insigne

48 4592 435 4745 (efformatae.)
452 4659 569 4725 maiori
586 4658 691 4725 forma
708 4654 934 4744 exsculptum
954 4653 1198 4740 frontispioium
1211 4659 1301 4718 itam

102 4772 207 4821 Banu,
220 4767 277 4810 Bibl.
288 4766 347 4808 Nori
360 4766 453 4807 Testem.
466 4764 547 4815 ποσοί.
1063 4756 1108 4817 ss
