3000 5024
61 246 92 304 Χ
330 242 526 300 domoras
544 240 1031 303 srurmoutznvmllrsu.
1236 248 1297 314 149

59 508 143 574 aa*
184 507 473 572 AMSTELODAMI
491 527 618 567 masam
638 520 664 566 et
677 518 787 583 prostat
803 511 918 582 Ιιῲείαο
941 528 986 583 ap.
1004 512 1030 566 I.
1048 511 1082 566 F.
1104 511 1248 568 Gladitseb
1273 521 1300 568 et

147 685 168 726 a
210 680 471 742 somnonarn
489 702 534 756 ap.
551 597 809 757 fioiipiildlafid
828 683 871 739 M.
889 684 1002 739 noea
1039 682 1129 742 1710.
1161 685 1213 749 fa.

147 767 166 799 ⁴*
208 769 362 828 LIPSIAE
380 772 532 845 eanapttbae
542 772 603 842 filii
618 773 643 826 I.
661 772 695 827 F.
716 771 867 828 Gloditaob.
886 773 942 825 Ed.
960 772 1003 825 ΙΙ.
1035 766 1126 826 1723.
1159 771 1210 834 fol.

145 859 165 896 ¹*
206 856 360 916 LIPSIAE
377 859 527 930 mmparbm
538 858 599 929 filii
615 860 639 914 I.
652 859 685 914 F.
698 858 848 914 Gladitacb.
870 854 960 916 1723.
977 858 1060 913 Noae
1076 874 1141 913 vero
1158 858 1297 932 reperitur

306 945 507 1002 Anatebdami
521 964 566 1018 ap.
589 947 648 1002 Iao.
678 946 861 1003 Wataeniam·
898 942 987 1004 1746.
1009 944 1060 1011 fol.

146 1058 195 1124 Hi
222 1057 312 1126 tituli
340 1080 455 1126 omnes
484 1060 526 1126 ad
553 1081 654 1127 unam
682 1058 885 1143 eandemque
914 1057 1092 1124 editionem
1119 1059 1294 1143 pertinent,

56 1144 161 1214 Millii
187 1146 382 1225 amandam,
417 1147 524 1212 studio
552 1155 586 1212 ot
612 1146 724 1212 labore
751 1146 885 1211 Ludolfi
912 1144 1051 1210 Kiisteri
1102 1152 1294 1212 roouratam.

58 1232 193 1317 Quibus
220 1232 309 1299 aliud
330 1230 461 1316 quidem
485 1255 579 1299 exem
604 1234 749 1300 loreum
772 1240 851 1297 nota
873 1254 900 1297 a.
935 1234 1015 1292 1709
1045 1168 1134 1297 eolus
1165 1231 1295 1297 Lilien·

56 1317 185 1385 thelina
208 1317 306 1397 (Bibl.
330 1340 422 1403 exeg.
445 1341 475 1403 p.
497 1325 531 1400 3)
555 1256 645 1385 addit
667 1319 707 1386 de
729 1339 792 1402 quo
813 1319 912 1402 plane
934 1324 1024 1382 oerta
1044 1317 1127 1382 mihi
1149 1316 1295 1402 alioquin

57 1427 128 1473 non
144 1404 375 1486 innotuerunt;
398 1414 527 1472 caetera
549 1406 648 1471 etiam
666 1405 830 1471 Lorohius
853 1405 964 1469 omnia
981 1402 1167 1487 possidebat
1189 1425 1297 1487 nequo

56 1491 202 1576 amplius
224 1491 320 1558 hodie
342 1513 415 1558 oum
437 1491 586 1559 Masobio
608 1492 810 1558 Eiehhornio
833 1491 906 1557 aliis
929 1490 969 1556 de
991 1511 1107 1556 eorum
1124 1489 1297 1557 identitate

57 1577 287 1647 dubitandum.
332 1578 459 1644 Verum
481 1600 524 1644 ex
545 1578 617 1662 ipsa
639 1578 811 1644 titulorum
839 1577 1019 1643 mutatione
1041 1576 1169 1642 abunde
1196 1598 1296 1663 appa·

57 1671 111 1731 ret
143 1685 243 1748 quam
274 1685 390 1749 parum
425 1663 540 1750 cupido
572 1664 630 1730 illa
662 1672 753 1731 aetas
785 1671 854 1731 tam
886 1663 1091 1748 praeclarum
1124 1685 1206 1749 opus
1238 1686 1296 1732 ex-

58 1774 95 1820 oe
138 1751 193 1817 rit.

94 1772 258 1903 peEditio
285 1838 367 1905 haee
389 1836 572 1904 Oxonienei
598 1836 771 1921 splendore
797 1836 935 1901 inferior
956 1835 1013 1902 sed
1040 1835 1234 1920 locupletior
1263 1843 1296 1903 et

57 1923 139 1990 usui
159 1925 326 1990 eommuni
346 1924 475 1991 faoilius
497 1924 707 2007 prospiciens.
752 1923 991 2007 Prolegomena
1013 1922 1049 1986 in
1069 1924 1296 2008 paragrapbos

58 2009 182 2093 divisa,
216 2012 380 2078 variantes
408 2034 451 2077 ex
481 2011 660 2096 appendioe
691 2010 759 2075 suis
786 2009 865 2076 loeis
892 2010 1051 2088 insertae,
1082 2009 1232 2094 singulae
1259 2009 1296 2075 in

56 2099 213 2182 margine
235 2117 300 2162 non
324 2095 366 2163 ad
388 2097 485 2182 signa
506 2098 677 2163 literarum
695 2096 801 2161 textui
823 2096 1055 2179 inseriptarum
1077 2095 1136 2160 sed
1158 2096 1200 2161 ad
1222 2117 1295 2162 ver·

58 2183 238 2251 sioulorum
260 2205 413 2250 numeros
435 2185 566 2264 relatae,
589 2191 702 2248 textus
724 2183 794 2265 ipse
816 2181 852 2247 in
874 2182 1043 2247 columnas
1065 2181 1203 2262 divisus,
1233 2181 1294 2248 du-

58 2269 188 2337 odeoim
210 2269 356 2337 oodieum
383 2271 531 2337 aMillio
560 2291 629 2337 non
656 2268 876 2334 adhibitorum
903 2268 1062 2334 leotiones
1091 2267 1230 2350 additae,
1259 2270 1294 2335 in

58 2354 179 2442 quibus
201 2355 313 2424 (lodex
335 2357 483 2441 Ephrem
506 2364 539 2421 et
559 2357 812 2422 Boernerianus.

146 2444 273 2509 Textus
294 2442 380 2509 idem
403 2465 441 2510 ao
461 2444 497 2508 in
518 2442 619 2527 priori
641 2442 784 2509 editione
805 2441 872 2507 nisi
891 2441 977 2525 quod
999 2441 1081 2508 haeo
1102 2447 1216 2507 nostra
1243 2442 1295 2511 bis

59 2531 101 2598 ab
122 2529 285 2598 Elneviris
307 2529 348 2595 ad
367 2527 576 2615 Stephanum
594 2528 681 2595 redit
702 2527 743 2616 (ξ.
768 2533 796 2594 3.
817 2531 881 2606 30).
978 2574 981 2581 .

59 2724 134 2787 40!
165 2723 334 2783 IaONDINI
350 2742 406 2782 eae.
424 2724 502 2782 Gaii.
519 2726 636 2797 Bowper
652 2725 782 2798 impensis
797 2723 1095 2781 eooatattoaariormn.
1124 2723 1215 2785 1715.
1243 2725 1291 2788 12.

142 2839 259 2913 Prima
279 2841 379 2907 huius
401 2841 549 2908 offioinae
571 2839 669 2908 editio
692 2863 711 2906 a
732 2839 881 2907 Masohio
903 2863 935 2924 p.
966 2843 1028 2901 260
1057 2840 1128 2906 sine
1159 2841 1292 2908 nomine

57 2926 258 3028 typographi
289 2926 433 2993 laudata.
488 2929 613 3028 Textus
646 2927 755 2993 nudus
791 2927 878 2994 binis
912 2927 1072 2992 columnis
1105 2948 1290 3028 expressus.

56 3013 247 3081 hldhanum
273 3012 391 3080 titulus
419 3018 591 3098 promittrt,
620 3035 718 3098 quem
746 3020 858 3080 tamen
886 3019 999 3079 nostra
1026 3020 1142 3097 quator
1171 3012 1292 3081 desont

56 3121 115 3184 pro
135 3099 267 3185 vulgari
290 3101 330 3186 (ξ.
357 3103 404 3166 12.
431 3104 478 3167 16.
505 3105 552 3167 17.
578 3099 641 3188 19).
704 3195 710 3206 Ι

59 3305 132 3375 41!
174 3312 1094 3390 Lounmm.o1u.nowyaiapaaaooauaaaammaa
1126 3310 1217 3375 1728.
1241 3313 1289 3378 12.

139 3445 233 3547 Hpeo
260 3445 405 3515 seeundo
425 3448 593 3534 Bowyerii
614 3448 763 3545 Maaehio
785 3448 898 3532 ignota
919 3444 1018 3513 habet
1040 3467 1154 3514 omnes
1176 3448 1289 3516 leetio·

53 3552 114 3600 nes
132 3553 261 3618 pneris.

172 3702 177 3711 .
307 3664 343 3720 st
423 3717 426 3724 ,

58 3737 129 3806 42.“
161 3744 329 3806 LONDINI
344 3763 400 3804 oro.
413 3746 618 3820 aaronem
634 3748 763 3823 tamenab
784 3747 1082 3804 sabethanorum.
1116 3749 1206 3810 1743.
1238 3748 1287 3811 12.

138 3876 231 3947 Haeo
253 3879 353 3946 tertia
374 3879 524 3946 omnibus
551 3881 665 3967 ignota
686 3878 830 3963 adeoque
856 3880 922 3963 ipsi
942 3881 1095 3947 Lorokio.
1139 3882 1194 3947 Elx
1221 3883 1287 3950 leo·

54 3963 198 4032 tionibus
219 3964 316 4032 modo
334 3968 522 4033 memoratis
538 3975 669 4051 praeter
688 3972 828 4052 quatuor
844 3967 1013 4034 Millianas
1031 3968 1071 4053 (ξ.
1096 3975 1122 4032 3.
1144 3971 1286 4050 28-30)

53 4072 154 4118 unam
176 4058 307 4118 tantum
329 4051 447 4136 reoipit
469 4053 509 4140 (ξ.
538 4058 598 4132 19).
629 4056 806 4121 Praeterea
827 4053 928 4119 habet
949 4054 1195 4121 Elaovirianam
1216 4061 1242 4136 ξ.
1266 4058 1285 4116 2

55 4145 87 4205 ot
104 4139 317 4225 singulariter
333 4139 416 4224 legit
433 4143 460 4205 2.
481 4139 556 4207 Oor.
579 4147 627 4223 11,
651 4147 696 4207 10.
716 4141 757 4226 (ξ.
781 4139 835 4228 17)
853 4135 1096 4227 opperiendae.
1118 4139 1233 4227 Steph.
1255 4141 1283 4208 I.

95 4344 171 4415 aa*
213 4350 381 4413 nortona
397 4369 453 4411 aa.
472 4353 549 4410 aaa.
566 4355 684 4499 31οᾷιὲῃῖ
707 4354 836 4498 alapam
853 4355 990 4412 romeon
1006 4354 1241 4415 annuerim.
1312 4319 1317 4326 ⁸

133 4570 267 4637 Laudat
287 4572 454 4639 Masohius
475 4573 510 4637 in
533 4571 647 4657 Suppl.
671 4595 700 4657 p.
732 4578 781 4639 70.
825 4575 947 4642 Exstat
968 4572 1193 4658 Stuttgardiae
1223 4597 1282 4639 sx-

55 4655 178 4743 emplar
197 4657 425 4726 Irorokianum
445 4658 531 4745 quod
552 4660 656 4728 fusius
674 4659 868 4729 deseribitur
888 4662 927 4730 in
946 4660 1023 4729 BG.
1042 4660 1093 4728 Π.
1113 4664 1168 4727 tt.
1196 4662 1289 4728 ‘hex-
