3000 5024
76 226 100 275 θ
279 222 474 282 rumosas
492 223 661 283 ammosa
678 226 1103 287 msaamsascmsrtaa.
1249 236 1307 301 191

73 395 294 480 949171ίοοά
320 398 419 467 etiam
447 398 692 468 'listhendorfio
719 398 905 485 displicuit;
932 403 1014 469 Iruo.
1040 406 1069 481 7,
1093 407 1142 471 31.
1172 405 1229 482 (Ι).
1253 407 1308 485 42)

72 484 169 550 addit
195 418 264 550 15η
291 483 325 551 di
354 484 371 549 ὃ
399 484 515 572 κῦριοςς
548 485 594 553 Ιο.
627 493 661 568 2,
692 493 739 555 17.
770 489 825 571 (G.
855 490 910 572 57)
938 487 1072 555 damnat
1098 490 1309 573 aaropdyrtm,

72 568 148 636 Act.
173 574 207 651 3,’
227 574 277 636 20.
305 572 363 656 (G.
387 573 443 658 58)
471 573 591 638 vitium
620 573 699 639 dicit
723 583 1017 659 προκεχειρισμένον,
1047 575 1084 642 O.
1116 581 1145 654 5,
1170 582 1219 641 36.
1250 599 1308 642 ex·

71 655 172 740 pellit
192 658 381 742 προςεκλῇθη
401 659 457 744 (Π.
487 662 553 741 19),
575 660 671 724 Rom.
699 667 747 739 11,
772 664 799 725 6.
828 661 921 726 addit
948 661 1109 745 glossema
1136 663 1171 727 in
1199 663 1308 730 codice

71 741 233 809 omissum
260 744 310 821 (Z
334 747 406 824 23),
433 743 521 810 idem
547 745 625 810 iacit
652 745 690 812 O.
717 750 764 826 14,
795 750 822 810 6.
854 748 904 830 (Z.
933 748 1021 831 112);
1051 750 1078 812 2.
1103 746 1178 813 (lor.
1203 754 1231 827 7,
1260 753 1306 815 10.

72 828 127 906 (Α.
138 833 174 905 9)
195 828 289 895 addit
309 849 436 895 comma
457 833 555 896 etiam
575 831 892 914 aGomplutensibus
914 834 1088 914 omissum;
1111 833 1185 899 Gal.
1207 840 1236 914 5,
1260 840 1305 903 19.

73 913 122 997 (Ζ.
137 913 194 1000 25)
215 914 309 980 addit
328 925 458 998 μοιχεία,
481 925 515 980 et
535 939 567 983 v.
593 919 628 978 21
655 917 740 1000 φόνοι
762 917 811 1004 (Ζ.
826 917 898 1068 61);
925 926 950 984 1.
970 920 1085 985 Thess,
1110 922 1138 999 2,
1162 925 1190 986 8.
1214 921 1306 987 dam·

71 1008 130 1065 nat
152 999 341 1083 ὅμειρόμενοι
362 1004 415 1079 (R.
440 1009 532 1083 311);
560 1003 662 1068 Hebr.
690 1009 737 1083 1⁶2,
762 1009 810 1069 20.
840 1026 859 1069 a
883 1005 929 1069 dit
956 1006 1118 1089 glossema
1148 1007 1195 1083 (J.
1221 1012 1306 1087 175),

70 1085 151 1151 item
179 1087 335 1153 ultimum
363 1109 490 1153 comma
518 1090 553 1154 in
584 1096 609 1154 1.
633 1090 722 1155 Petr.
753 1093 787 1168 4,
821 1095 867 1155 14.
899 1091 948 1165 (Ζ.
974 1097 1043 1172 37),
1077 1094 1177 1174 Apoc.
1204 1098 1251 1170 11,
1278 1100 1304 1160 1.

70 1171 163 1238 addit
185 1178 236 1236 nal
258 1172 275 1236 o‘
295 1171 415 1256 ἅγγελος
437 1176 563 1253 εἱστήκει
585 1174 630 1258 (J.
648 1175 721 1260 149)
744 1183 823 1241 etv.
846 1179 863 1236 2
887 1176 1021 1242 damnat
1041 1180 1158 1256 ἔξωθεν
1181 1179 1228 1255 (J.
1245 1182 1304 1240 150

69 1258 141 1324 coll.
165 1257 210 1325 X„
235 1261 301 1344 23).
346 1259 477 1341 Quibus
501 1261 577 1326 addi
598 1270 753 1344 poterunt
774 1261 940 1327 innumeri
961 1263 1023 1327 loci
1045 1264 1102 1329 ubi
1124 1264 1227 1330 codex
1248 1264 1305 1329 ille

69 1345 231 1411 vocabula
252 1345 411 1429 quaedam
433 1347 557 1412 omittit
578 1367 643 1411 non
672 1369 800 1431 semper
822 1340 957 1414 fortasse
987 1371 1028 1414 ex
1057 1371 1149 1414 mera
1176 1351 1305 1418 incuria

68 1432 250 1510 scribentis,
273 1432 326 1500 vol
348 1433 430 1498 alias
451 1432 704 1517 orthographiae
725 1434 815 1518 leges
837 1435 985 1519 sequitur
1007 1456 1106 1519 quam
1128 1457 1211 1521 quae
1234 1437 1304 1502 edi·

67 1517 135 1582 tori
155 1517 358 1602 placuerunt

155 1619 249 1701 Quae
270 1642 372 1703 quum
393 1621 442 1686 ita
463 1620 530 1685 sint
551 1621 705 1687 Alterum
727 1623 833 1688 officio
855 1621 989 1690 editoris
1018 1646 1085 1690 non
1106 1625 1248 1715 fideliter
1270 1632 1303 1693 et

64 1704 214 1789 legitime
234 1707 385 1771 iunctum
405 1727 477 1771 esse
497 1728 593 1772 nemo
615 1715 665 1772 est
686 1708 741 1790 qui
762 1709 903 1792 negabit,
927 1719 1119 1794 textumque
1141 1713 1212 1776 eius
1235 1732 1301 1777 non

64 1790 110 1856 ad
141 1791 414 1858 documentorum
447 1792 635 1858 criticorum
668 1794 786 1858 seriem
823 1798 1003 1878 pertinere,
1041 1796 1148 1879 qualia
1180 1797 1302 1864 nostris

64 1877 271 1962 temporibus
297 1878 442 1962 plurima
469 1879 558 1964 typis
588 1880 753 1962 exscripto
781 1891 875 1959 sunt,
904 1880 961 1947 sed
989 1883 1118 1966 saepius
1148 1882 1189 1946 ad
1219 1883 1301 1948 alios

63 1963 176 2029 fontes
201 1971 235 2029 ot
266 1985 326 2047 pro
353 1963 473 2030 iudicio
506 1967 629 2030 autoris
661 1966 898 2031 conformatum
931 1988 1001 2032 esse
1029 1981 1118 2033 recte
1146 1969 1300 2036 dicemus.

62 2049 184 2134 Itaque
206 2057 241 2115 et
262 2051 351 2117 hunc
372 2051 494 2115 librum
515 2052 550 2116 in
572 2050 658 2115 hanc
679 2071 788 2115 meam
810 2052 1047 2135 supellectilem
1067 2055 1175 2119 retuli.

153 2161 329 2227 Caeterum
347 2161 457 2226 Alteri
473 2161 572 2227 editio
591 2164 692 2228 etiam
709 2161 773 2228 hoo
790 2163 923 2227 nomine
940 2164 1145 2230 incommoda
1164 2164 1301 2231 dicenda

62 2252 116 2312 est
137 2251 172 2312 et
193 2245 333 2312 absurde
356 2246 526 2331 disposita,
552 2248 639 2331 quod
661 2250 805 2332 plurium
827 2250 965 2314 aliorum
988 2251 1136 2317 codicum
1166 2272 1299 2336 graeco·

60 2352 140 2398 rum
161 2331 402 2415 latinorumque
424 2333 580 2399 lectiones
602 2344 635 2399 et
649 2336 892 2401 slavonicorum
913 2336 950 2399 in
972 2336 1061 2401 calce
1083 2336 1209 2403 additas
1231 2359 1299 2403 non

61 2416 107 2482 ad
127 2417 304 2502 vulgatum
327 2420 469 2502 aliquem
491 2427 620 2484 textum
648 2421 705 2486 sed
728 2421 769 2486 ad
791 2422 880 2486 hunc
902 2421 1191 2488 Vindobonensem
1221 2444 1298 2489 con·

59 2503 178 2570 tulerit
199 2513 233 2569 et
252 2505 456 2590 singulorum
483 2505 632 2571 codicum
653 2507 822 2574 uariantes
850 2509 987 2572 seorsim
1016 2508 1225 2592 descripserit
1251 2511 1298 2574 ita

59 2598 101 2656 ut
123 2591 248 2673 siquis
269 2591 310 2657 iis
337 2593 385 2656 uti
407 2591 549 2658 voluerit
571 2594 671 2658 vicies
698 2594 765 2658 fere
788 2593 841 2658 vel
868 2594 980 2658 tricies
1009 2593 1129 2658 librum
1158 2596 1298 2661 diversis

57 2675 142 2742 loeis
164 2677 315 2743 evolvere
337 2684 479 2761 cogatur.
514 2676 608 2758 Quae
630 2679 740 2742 omnia
762 2679 828 2742 iam
850 2679 929 2744 olim
951 2688 1109 2746 notarunt
1126 2681 1298 2748 Michaelis

58 2761 145 2831 Nov.
168 2763 255 2828 Bibl.
278 2762 320 2828 V.
348 2766 406 2825 122
429 2772 462 2827 et
482 2763 706 2829 Eiehhornius
725 2764 810 2829 Bibl.
834 2765 879 2829 Π.
907 2770 975 2830 102.

147 2865 304 2930 Formam
325 2872 437 2930 textus
455 2865 620 2931 Alteriani
637 2867 821 2946 accuratius
841 2867 998 2951 indagare
1018 2889 1295 2952 supervacaneum

58 2951 145 3018 duco
166 2952 245 3017 satis
268 2951 393 3017 habens
415 2953 485 3018 eius
507 2953 667 3017 rationem
689 2953 731 3018 ad
759 2953 840 3018 alias
868 2954 1027 3018 editiones
1049 2955 1158 3019 collati
1180 2957 1294 3038 paucis

58 3037 262 3122 exposuisse.
295 3040 405 3122 Atque
427 3038 482 3102 hio
504 3059 572 3104 non
594 3039 717 3104 nullius
739 3040 897 3103 momenti
918 3041 981 3103 erit
1002 3040 1088 3122 quod
1110 3062 1185 3106 cum
1197 3041 1294 3106 Oom-

57 3124 207 3208 plutensi
228 3123 371 3190 editione
394 3130 454 3186 767
479 3124 558 3189 locis
580 3125 771 3203 consentiat,
795 3145 981 3207 quanquam
1003 3126 1114 3209 plures
1137 3127 1208 3192 eius
1229 3127 1294 3193 lec-

58 3209 168 3275 tiones
189 3231 270 3293 quos
292 3210 395 3277 codex
417 3211 577 3276 offerebat·
596 3232 654 3292 pro
676 3211 802 3276 vitiosis
825 3212 969 3287 eiecerit,
1005 3216 1061 3274 152
1085 3211 1158 3276 aliis
1180 3223 1294 3278 contra

59 3316 133 3361 eam
156 3295 255 3360 faciat
276 3317 353 3361 cum
374 3296 554 3375 Elaeviris,
584 3318 722 3379 quorum
753 3295 923 3361 lectionem
952 3301 1013 3358 820
1041 3297 1120 3362 locis
1148 3298 1292 3378 exhibet,

59 3380 202 3466 denique
222 3381 364 3466 octogies
387 3391 421 3447 et
442 3382 543 3447 semel
559 3384 605 3463 ,ab
629 3394 769 3464 utraque
792 3383 944 3448 discedat.
979 3383 1021 3446 In
1043 3383 1162 3465 quibus
1184 3385 1292 3449 rarius

57 3488 133 3533 eam
155 3468 351 3550 scripturam
372 3469 507 3550 praebet
527 3490 624 3550 qnam
637 3468 871 3533 Griesbachius
891 3476 1011 3547 tuetur,
1035 3469 1165 3551 saepius
1182 3470 1293 3536 Lach-

56 3553 288 3632 mannianam‚
320 3553 355 3618 in
382 3554 481 3636 plane
509 3555 729 3637 singularibus
758 3575 995 3637 nonnunquam
1023 3576 1098 3619 oum
1126 3554 1291 3637 Oolinaeo,

56 3638 272 3723 frequentius.
286 3661 361 3705 cum
382 3639 566 3704 Matthaeio
588 3641 759 3706 consentit
804 3640 980 3705 Lectiones
1002 3660 1083 3723 quas
1105 3649 1217 3707 noster
1239 3641 1291 3709 vel

56 3725 186 3808 primus
207 3724 264 3792 vel
285 3725 374 3791 solus
396 3724 453 3790 dat
475 3726 703 3809 paucissimae:

161 3863 190 3904 α.
240 3842 266 3901 1.
288 3837 391 3902 Marc.
420 3844 465 3917 14,
489 3841 539 3902 32.
564 3837 618 3915 (U.
645 3842 679 3914 8)
702 3836 757 3912 ἕως
779 3831 816 3902 ἂν
837 3835 889 3902 οἶα.
913 3836 1125 3923 προσείξιομαι
1384 3890 1414 3895 ..

237 3924 265 3988 2.
288 3926 361 3990 Act.
386 3925 415 4002 2,
439 3928 488 3988 47.
513 3945 554 3988 ss.
579 3924 635 3999 (Θ.
664 3928 738 4000 165)
761 3928 834 3987 καθ’
857 3922 970 4008 ἡμέραν
992 3927 1028 4008 τῇ
1048 3927 1125 3988 lxxi.
1148 3927 1263 4007 Πέιρος

236 4014 263 4074 3.
287 4012 360 4075 Act.
388 4015 434 4088 19,
459 4014 508 4074 39.
533 4007 623 4094 (849)
646 4018 810 4094 περαιτέρω
834 4018 908 4093 (pro
930 4015 999 4094 περὶ
1022 4013 1140 4093 ἑτέρων)
1163 4010 1240 4074 LT⁰
1317 4024 1322 4031 '

236 4098 264 4161 4.
287 4094 374 4161 Phil.
399 4100 427 4173 3,
453 4100 501 4159 16.
525 4096 581 4172 (V.
606 4096 716 4172 27)τό
739 4095 809 4160 αὐτὸ
833 4121 884 4180 φρ.
908 4097 952 4184 aqi
972 4096 999 4161 ἀ.
1022 4097 1123 4160 κανόνι
1144 4119 1187 4160 or.

233 4184 261 4246 5.
288 4188 314 4246 1.
338 4178 449 4246 Thess.
474 4184 502 4259 2,
529 4184 576 4245 12.
601 4181 655 4258 (U.
681 4187 736 4259 33)
760 4205 822 4247 om.
844 4184 1077 4269 μαρτυρούμενον

234 4268 263 4332 6.
284 4264 386 4332 Hebr.
412 4271 460 4347 10,
485 4269 512 4332 2.
537 4267 584 4343 (J.
611 4270 686 4342 125)
708 4269 772 4330 ἐπεὶ
794 4259 842 4332 οὗν
864 4263 900 4331 dv

234 4356 262 4417 7.
284 4354 347 4437 Ap.
375 4357 401 4432 1,
425 4357 453 4417 4.
477 4352 524 4428 (J.
553 4357 627 4429 198)
649 4351 711 4415 dud
731 4352 780 4418 τοὺ
800 4356 874 4418 θεοί
894 4353 909 4415 ὁ
933 4348 975 4417 ὢν
1036 4359 1042 4365 “

232 4441 260 4503 8.
282 4444 347 4522 Ap.
372 4440 400 4517 2,
424 4443 450 4502 3.
475 4436 525 4516 (Β.
540 4442 615 4515 321)
638 4438 1029 4522 οΗ1.κα1ο“ιιομονη’νέ’χεις
1051 4438 1285 4526 0005505011).

232 4528 260 4589 9.
284 4526 346 4607 Ap.
374 4527 421 4601 13,
448 4529 495 4587 10.
519 4524 566 4602 (J.
594 4527 669 4598 152)
691 4527 785 4599 εἴτις
806 4528 866 4607 αἰχ.
890 4525 999 4607 οἷιιοὶγει
1025 4527 1068 4600 εἰς
1090 4527 1151 4607 αἰχ.
1177 4525 1287 4609 {adres
