3000 5024
81 262 107 313 ὁ
304 258 499 319 nements
515 260 1090 324 essmssscmotscnutumsusn.
1258 272 1317 336 251

80 433 164 505 huid
184 433 321 504 editioni
341 434 490 521 propriu
517 436 637 505 Matbh.
662 441 711 517 lt,
736 439 785 504 bb.
816 436 1009 527 [statuetis
1030 442 1082 505 καὶ
1103 441 1221 527 amodo]
1244 462 1322 511 oan-

81 524 184 594 oollai
206 525 254 604 (Σ.
278 528 345 602 57.)
367 525 448 589 item
471 526 520 604 tt,
545 529 596 590 31.
621 522 685 612 [καὶ
706 526 818 610 φωνῆς]
847 525 904 603 (G.
928 532 992 608 47),
1020 528 1085 594 nisi
1115 530 1198 595 forte
1222 531 1322 597 dubia

80 612 151 680 ista
172 633 215 677 ex
236 609 475 678 'Pisohendorfii
508 611 625 695 prima,
659 632 742 693 quae
763 633 860 681 voees
887 613 968 679 istas
995 615 1127 695 omittit,
1158 618 1321 701 originem

82 697 219 765 duxisse
245 697 438 775 oonieoeris,
468 696 556 763 unde
593 703 626 764 et
653 697 934 766 Harwoodianum
964 700 1020 776 (Θ.
1054 704 1129 777 127)
1157 704 1238 770 Luo.
1273 706 1321 782 11,

84 790 135 850 14.
163 808 228 848 κατ.
262 781 363 868 septula
389 780 434 866 ἐφ’
467 789 527 847 κτλ.
560 784 666 868 repeti
698 786 816 869 potuit.
854 786 1007 870 Denique
1039 788 1159 853 Matth.
1192 796 1239 868 10,
1270 793 1319 855 12.

81 870 354 1024 qopirplutensem
377 871 526 955 sequitur
561 869 619 954 (K.
645 872 731 945 133.)
764 871 823 937 sed
858 873 950 939 unois
983 872 1241 941 additamentum
1269 876 1321 942 in·

80 980 138 1026 ou
160 978 231 1025 ens.

199 1167 256 1230 a·
274 1166 524 1228 mmseousn
539 1168 618 1242 upa
635 1177 661 1226 e
679 1170 830 1242 sepau
849 1170 885 1226 o,
903 1173 928 1228 ι.
946 1173 1041 1230 uana
1069 1171 1159 1235 1869.
1184 1174 1212 1236 s.

168 1300 281 1369 Editio
299 1301 559 1368 Friedliebianae
580 1323 760 1387 synopseos
789 1303 902 1384 altera,
930 1306 1031 1388 priori
1053 1307 1161 1390 quoad
1182 1308 1321 1375 formam

79 1389 118 1455 in
140 1388 294 1456 omnibus
321 1388 497 1466 simillima,
530 1409 728 1472 quamquam
760 1388 841 1455 haee
870 1392 904 1457 in
932 1393 1056 1458 ostonis
1085 1414 1240 1477 expressa
1262 1402 1321 1476 est,

79 1472 209 1543 soilioet
227 1496 288 1558 pro
310 1475 445 1542 obortae
467 1475 596 1543 diversa
607 1475 823 1559 amplitudine
845 1477 898 1543 vel
920 1479 1018 1543 etiam
1039 1488 1174 1564 propter
1195 1502 1321 1548 meram

79 1582 255 1647 operarum
278 1562 550 1628 eommoditatem.
596 1562 738 1627 'l'extum
769 1559 876 1628 editor
902 1565 1026 1647 passim
1053 1568 1252 1651 recognovit,
1273 1569 1322 1635 ita

79 1655 195 1715 tamen
215 1647 291 1715 stilo
318 1654 506 1732 temperans
538 1653 577 1712 ut
606 1647 643 1714 in
675 1648 870 1714 universum
903 1652 1062 1733 spectanti
1096 1653 1166 1719 eius
1193 1653 1320 1720 indoles

79 1734 196 1802 eodem
217 1733 388 1800 manserit.
431 1734 582 1818 Triginta
613 1755 732 1801 novem
764 1734 850 1800 looos
877 1736 1049 1804 observavi
1071 1760 1113 1804 ex
1140 1740 1263 1805 nostris
1284 1741 1321 1806 in

79 1819 201 1906 quibus
228 1820 326 1888 leotio
355 1826 482 1887 mutata
511 1828 570 1896 est,
600 1819 787 1904 etquidem
810 1821 911 1888 vioies
933 1830 966 1888 et
987 1830 1038 1888 ter
1060 1825 1321 1892 Griesbaohiana

79 1906 247 1986 restituta,
269 1907 415 1974 maxime
436 1907 494 1973 ubi
513 1912 610 1971 antea
631 1907 709 1974 unoi
731 1908 871 1990 appositi
894 1907 1026 1974 dubiam
1048 1911 1201 1977 fecerant.
1231 1913 1321 1987 Alibi

79 1998 194 2059 tamen
227 1993 287 2060 sed
319 1993 424 2060 multo
456 1993 574 2070 rarius,
609 1994 698 2076 prior
729 1993 826 2059 leotio
860 1993 929 2060 sive
964 1995 1222 2063 Griesbaohiana
1250 1999 1321 2066 sive

79 2079 356 2166 Laohmenniana
377 2080 476 2146 simili
498 2077 594 2144 modo
622 2078 816 2146 indubium
839 2086 889 2144 est
910 2090 1035 2147 voeate.
1080 2083 1259 2150 Nonnullis
1284 2084 1321 2150 in

79 2165 162 2235 loeis
183 2165 468 2234 lPisohendorfium
489 2166 555 2231 iam
577 2172 733 2248 sequutus
760 2174 810 2231 est
832 2166 883 2232 vir
905 2166 1019 2234 doetus
1042 2168 1106 2250 (ex.
1132 2192 1179 2254 gr.
1202 2174 1242 2235 Λ.
1268 2175 1319 2237 95.

81 2252 220 2319 Θ.114.
247 2256 316 2319 116.
339 2254 375 2318 Σ.
401 2258 444 2329 4.)
473 2253 590 2318 saltem
613 2252 707 2317 unois
734 2251 918 2318 oenoellans
950 2274 1033 2336 quae
1055 2256 1187 2322 oritious
1208 2257 1320 2340 Lipsi-

80 2338 171 2407 ensis
200 2337 418 2406 damnaverat
449 2340 515 2422 (ex.
539 2359 587 2422 gr.
622 2342 663 2408 A.
689 2344 738 2404 87.
775 2339 815 2403 Ψ.
842 2345 888 2403 13.
924 2341 962 2404 Ω.
988 2343 1050 2419 23).
1096 2340 1188 2422 Quas
1215 2365 1321 2410 novas

79 2425 162 2492 olim
183 2426 351 2509 paneiores
372 2424 555 2492 adduxerat
576 2423 642 2489 iam
664 2424 782 2491 missas
804 2424 891 2504 feeit,
914 2433 1046 2508 praeter
1067 2449 1168 2494 unam
1185 2427 1320 2516 (Matth.

82 2514 134 2593 12,
156 2509 222 2598 22).
265 2512 377 2578 Matth
403 2518 451 2591 10,
477 2512 524 2575 12.
548 2511 642 2576 unois
665 2510 781 2578 deletis
803 2510 1092 2595 Oomplutensibus
1114 2517 1246 2581 omnino
1267 2515 1322 2581 ad·

78 2596 268 2683 stipulatur.
312 2597 416 2663 Plura
443 2617 638 2663 enumerare
660 2618 725 2663 non
754 2599 880 2664 attinet
927 2597 1114 2685 Synopseos
1147 2599 1316 2685 dispositio

77 2684 116 2751 in
136 2706 161 2751 u
234 2704 277 2750 ue
298 2682 442 2750 editione
463 2703 531 2749 non
558 2683 692 2751 omniuo
720 2683 843 2763 eadem,
872 2687 1045 2771 utrobique
1067 2694 1178 2753 tamen
1199 2709 1319 2771 parum

78 2790 190 2841 oomm
232 2793 261 2851 a,
293 2771 438 2837 textibus
470 2768 617 2836 omnium
650 2771 931 2855 evangelistarum
958 2774 994 2838 in
1014 2772 1110 2856 plura
1140 2794 1238 2858 quam
1258 2797 1321 2860 pur

76 2862 152 2925 erat
170 2856 277 2925 frusta
298 2856 479 2941 disoerptis,
502 2861 535 2922 et
557 2856 658 2923 solius
680 2856 817 2924 Ioannis
839 2858 924 2924 serie
946 2860 1090 2944 genuina
1111 2867 1252 2928 servata.
