3000 5024
126 228 152 278 Σ
477 223 672 283 semotas
688 224 1015 284 Laoauaamauaa.
1301 229 1363 292 247

127 395 299 468 uomuisse
319 396 409 467 uiros
441 397 654 480 dootissimos,
686 399 746 467 vix
779 420 817 468 ao
848 420 891 466 ne
919 399 976 466 vix
1007 397 1139 484 quidem
1163 399 1221 465 tali
1240 399 1366 465 honore

127 486 279 573 dignum,
301 486 364 554 hoo
384 506 499 552 eorum
525 486 723 553 humanitati
743 488 851 570 potius
873 507 971 571 quam
992 505 1086 552 meae
1106 486 1144 551 in
1165 485 1286 553 talibus
1307 507 1366 552 au·

127 571 267 652 toritati,
287 593 371 657 quae
392 572 485 639 nulla
506 578 566 652 est,
589 580 759 657 aeoeptum
780 574 893 639 refero.

216 657 357 725 Librum
379 657 490 744 ipsum
523 659 643 742 raptim
674 660 830 743 percurri,
860 665 897 725 ιιι
926 658 996 725 eius
1022 657 1139 726 titulus
1165 659 1202 725 in
1222 659 1366 744 loouple·

128 745 259 813 tissima
291 766 365 812 meo
397 745 545 831 oatalogo
573 745 718 812 debitum
748 768 845 812 suum
872 745 979 812 looum
1008 745 1177 812 obtineret
1223 746 1366 812 'l'extum

127 831 265 900 omuino
287 831 329 899 ad
350 831 559 900 Lachmanni
580 832 611 898 le
634 855 686 899 em
708 834 922 899 constitutum
945 831 1153 914 deprehendi,
1178 832 1367 917 antiquissi-

127 939 203 985 mos
235 924 336 986 testes
369 919 455 986 solos
486 855 665 985 audiendos
697 940 768 985 esse
800 917 1060 1002 praescribentis.
1117 918 1225 1001 Quam
1256 919 1366 1004 legem

128 1005 277 1074 strietius
299 1005 399 1072 etiam
421 1026 521 1090 quam
542 1006 614 1090 ipse
643 1006 700 1073 oel.
730 1006 861 1072 oritious
882 1005 1107 1071 Berolinensis
1135 1006 1265 1088 sequuti
1293 1026 1366 1072 esse

126 1091 289 1160 videntur
309 1090 459 1158 editores.
492 1090 623 1158 Inloeis
645 1093 764 1158 nostris
787 1096 848 1154 395
872 1091 1071 1175 evangelicis
1092 1092 1225 1157 nonnisi
1244 1091 1365 1158 duoen·

127 1177 192 1245 ties
214 1178 428 1265 quinquagies
450 1183 483 1243 et
504 1178 677 1264 quinquies
699 1199 774 1244 oum
796 1177 1013 1245 Laohmanno
1036 1178 1169 1257 laniunt,
1189 1177 1227 1243 in
1248 1178 1365 1263 quibus

127 1264 270 1349 triginta
297 1273 377 1332 sunt
403 1263 458 1330 ubi
479 1264 743 1332 'Pisohendorfius
769 1264 874 1330 eidem
896 1285 963 1330 non
992 1261 1219 1348 adstipulatur.
1264 1265 1366 1330 Hune

127 1357 301 1436 praeterea
322 1352 481 1437 nonagies
503 1357 537 1416 et
558 1351 677 1434 septies
699 1352 851 1417 comitem
873 1351 1005 1430 habent,
1028 1351 1172 1416 maxime
1194 1353 1229 1417 in
1250 1350 1366 1418 editio-

127 1438 227 1504 nibus
248 1438 415 1523 prioribus
436 1437 524 1503 ultra
544 1437 799 1504 Laohmannum
828 1437 1101 1522 progredientem.
1146 1438 1199 1503 Ab
1226 1445 1366 1523 utroque

128 1523 329 1590 dissentiunt
354 1525 391 1589 in
416 1523 496 1590 loeis
523 1524 642 1608 viginti
669 1531 704 1590 et
731 1530 873 1608 quatuor
894 1524 952 1589 ubi
971 1523 1026 1590 vel
1046 1524 1290 1590 Buttmannum
1312 1524 1366 1592 vel

128 1611 314 1676 Muraltum
334 1600 503 1696 πρόδρομον
530 1610 725 1676 habuerunt.
770 1609 812 1676 In
844 1611 980 1676 caeteris
1010 1611 1104 1676 unois
1131 1617 1279 1690 utuntur,
1309 1609 1366 1675 ubi

128 1695 396 1763 Tisohendorfius
428 1698 571 1782 glossam
605 1695 747 1782 aliquam
780 1696 1039 1762 aLaohmanno
1067 1705 1233 1763 servatam
1261 1696 1363 1762 eieoit

127 1784 323 1869 Perioopam
351 1782 392 1849 de
421 1781 571 1849 adultera
597 1783 726 1869 (Ioann.
752 1783 795 1864 8.)
829 1782 871 1848 ad
903 1783 1025 1850 oaleem
1058 1783 1134 1849 libri
1162 1784 1364 1868 relegarunt.

127 1870 195 1937 Ubi
213 1890 291 1937 vero
318 1890 479 1936 unoorum
504 1891 586 1936 usus
612 1869 723 1934 nullus
752 1875 824 1934 erat
845 1876 879 1935 et
900 1877 1012 1935 tamen
1038 1869 1135 1935 leutio
1157 1870 1366 1952 antiquorum

127 1957 265 2023 testium
286 1957 378 2022 varia
400 1956 562 2034 notanda,
585 1955 722 2021 alteram
744 1956 887 2039 margini
908 1956 1153 2038 inscripserunt.
1188 1954 1366 2021 anterum

127 2050 260 2127 praeter
281 2040 410 2108 dootam
443 2042 679 2128 praefationem
710 2048 887 2125 apparatus
926 2042 1037 2108 nullus
1072 2040 1215 2122 additur;
1257 2041 1366 2106 studia

127 2135 238 2195 autem
264 2129 509 2212 praeparatoria
539 2128 619 2194 talia
651 2135 685 2193 et
716 2135 786 2194 tam
818 2126 988 2212 diligentia
1027 2128 1105 2194 huie
1139 2128 1230 2210 operi
1258 2127 1366 2193 dioata

126 2214 230 2281 fuisse
252 2213 415 2293 videntur,
438 2222 484 2288 ut.
504 2236 593 2295 sane,
624 2236 724 2299 quum
756 2214 889 2280 tandem
912 2213 1096 2278 absolutum
1117 2214 1284 2297 prodierit,
1306 2213 1364 2279 ho-

126 2320 204 2368 rum
221 2298 417 2368 dotumenta
437 2300 567 2384 plenius
584 2300 769 2366 exhibitum
789 2300 832 2365 iri
854 2322 921 2366 non
944 2298 1065 2365 dubito.
1099 2299 1196 2382 Quod
1217 2308 1365 2383 utquam

126 2389 274 2473 primum
295 2387 355 2452 fiat
383 2393 451 2452 toto
478 2388 587 2454 animo
615 2385 807 2470 optaverim.
852 2386 956 2452 Plura
977 2407 1037 2472 pro
1058 2386 1215 2471 temporis
1237 2385 1365 2472 exigui·

127 2481 194 2542 tate
215 2475 283 2541 iam
304 2493 440 2558 nequeo.
