3000 5024
591 1420 709 1476 CAPUT
726 1421 759 1479 V.

243 1577 604 1676 EDITIONES
633 1577 1111 1677 STEPHANIOAE.

144 1815 198 1881 De
219 1820 358 1899 quatuor
380 1813 577 1879 editionibus
594 1815 635 1879 N.
659 1815 695 1878 r.
719 1815 827 1898 graeci
850 1816 966 1898 quibus
988 1815 1154 1900 evulgatis
1171 1816 1293 1880 famam

56 1902 204 1968 nominis
238 1901 290 1967 sui
318 1900 413 1964 auxit
439 1900 605 1966 Robertus
635 1898 824 1983 Stephanus
852 1900 1037 1984 (Estienne)
1067 1901 1293 1986 typographus

56 1988 172 2072 regius
193 1986 400 2064 Parisiensis,
429 1986 509 2050 satis
531 2007 692 2070 superque
714 1987 837 2052 dictum
861 1995 910 2052 est
936 2009 956 2051 a
977 1987 1129 2070 plurimis
1156 1990 1293 2070 scripto·

57 2073 161 2153 ribus,
183 2079 343 2157 quantum
370 2071 410 2135 ad
433 2092 547 2136 earum
575 2073 715 2137 formam
737 2079 908 2137 externam
928 2081 1051 2155 spectat
1078 2082 1112 2139 et
1139 2080 1292 2159 typorum

57 2161 201 2226 nitorem
222 2157 480 2241 mendorumque
507 2157 689 2223 absentiam
710 2164 835 2223 temere
862 2157 1031 2224 laudatam
1058 2159 1172 2226 turbas
1200 2159 1293 2225 deni·

58 2267 122 2329 qne
149 2245 221 2311 viro
248 2244 463 2328 integerrimo
496 2244 536 2309 de
569 2244 690 2310 criticis
722 2245 825 2328 ipsius
852 2244 970 2310 studiis
997 2252 1112 2313 motas.
1165 2245 1214 2311 of.
1244 2245 1292 2310 M.

59 2331 233 2398 Maitteirii
261 2330 374 2395 histor.
406 2327 667 2413 Stephanorum,
702 2330 809 2395 Lond.
844 2335 923 2396 1709
930 2354 939 2410 ;
968 2331 1009 2395 A.
1036 2333 1076 2396 A.
1105 2331 1293 2412 Rencnard,

59 2417 211 2484 Annales
242 2416 283 2482 de
315 2415 628 2500 l'imprimeriessdes
650 2416 811 2483 Estienne
843 2418 881 2483 P.
917 2420 1008 2496 1837,
1041 2416 1294 2502 Baumgartenii

58 2503 231 2570 Nachr.I.
259 2505 328 2566 195.
351 2501 396 2567 H.
420 2507 448 2567 5.
472 2506 544 2566 471.
568 2502 628 2568 IV.
652 2507 722 2589 377,
751 2502 995 2570 Roscnmiillcri
1016 2502 1036 2568 l.
1059 2503 1080 2568 l.
1114 2503 1141 2568 I.
1165 2508 1226 2566 289
1249 2524 1291 2568 ss.

60 2593 124 2654 394
146 2610 204 2670 ss.;
225 2587 417 2655 Knochium
438 2609 469 2672 p.
494 2593 554 2652 365
578 2594 612 2654 ct
633 2591 695 2652 483
702 2611 711 2669 ;
734 2589 869 2656 Lorckii
891 2589 964 2655 BG.
988 2589 1033 2654 H.
1059 2594 1100 2654 50
1122 2596 1197 2656 cett.
1230 2588 1293 2654 Hi·

58 2676 195 2827 }oxpiam
222 2673 469 2759 Stephanorum
501 2674 572 2758 ipse
600 2675 754 2742 enarravi
780 2674 815 2740 in
845 2676 1001 2760 Herzogii
1030 2675 1165 2762 Elncycl.
1193 2674 1292 2740 theol.

130 2811 138 2826 .
163 2765 204 2826 64
222 2781 264 2828 ss.

145 2848 194 2913 Et
220 2867 300 2914 sane
320 2846 419 2912 hodie
448 2847 555 2924 etiam,
584 2854 659 2929 post
687 2853 795 2912 tantos
824 2848 904 2914 artis
933 2848 1190 2933 typographicae
1217 2869 1293 2931 pro·

60 2954 204 3019 gressus,
231 2940 300 3000 tres
321 2933 446 3016 priores
467 2932 599 2997 illarum
621 2932 801 2998 editionum
831 2955 898 2999 non
925 2937 1005 2999 satis
1032 2934 1187 2999 admirari
1217 2955 1293 3018 pos·

60 3040 175 3086 sumus
195 3019 314 3104 quibus
335 3019 390 3086 vel
421 3020 508 3084 inter
536 3019 695 3102 plurimas
723 3019 818 3086 facile
845 3020 989 3102 palmam
1016 3020 1134 3103 aliquis
1162 3041 1293 3087 conces·

59 3106 152 3186 serit,
174 3113 285 3170 ratum
307 3106 353 3170 sic
373 3105 497 3170 faciens
518 3104 675 3171 iudicium
697 3106 867 3171 maiorum·
882 3106 938 3190 qui
958 3107 1100 3189 primam
1121 3113 1155 3171 et
1175 3127 1292 3172 secun·

59 3192 138 3258 dam
157 3192 327 3274 mirificos,
353 3191 487 3256 tertiam
508 3192 628 3274 rapiam
650 3191 865 3275 appellarunt.
915 3193 1030 3274 Neque
1052 3192 1293 3257 contemnenda

60 3286 113 3344 est
133 3299 233 3361 opera
255 3299 354 3361 quam
374 3275 549 3357 Robcrtus‚
572 3277 747 3344 adiuvante
769 3278 837 3343 filio
859 3277 1014 3357 chrioo,
1043 3289 1115 3341 tum
1137 3279 1293 3360 temporis

59 3363 237 3430 admodum
264 3363 393 3442 iuvene,
422 3364 457 3428 in
479 3362 668 3446 castigando
691 3370 785 3428 textu
812 3364 990 3442 collocavit,
1019 3365 1181 3446 congestis
1202 3364 1294 3430 libris

59 3448 163 3516 MSS.
187 3448 337 3534 pluribus
360 3470 458 3532 quam
481 3470 560 3532 quos
581 3449 741 3514 Erasmus
764 3449 960 3514 adhibuerat
982 3457 1015 3514 et
1037 3451 1199 3532 excerptis
1216 3449 1293 3515 inde

58 3537 254 3602 lectionibus
274 3535 396 3618 partim
417 3536 525 3599 textui
544 3534 728 3600 inserendis
749 3537 878 3618 partim,
901 3538 936 3599 in
953 3536 1068 3600 maiori
1090 3536 1207 3599 saltem
1225 3536 1294 3600 edi·

59 3623 166 3702 tione,
198 3621 341 3706 margini
370 3621 544 3704 inscriptis.
602 3619 736 3686 Scilicet
762 3620 816 3687 hic
844 3620 1071 3706 typographus
1099 3642 1158 3686 suo
1186 3629 1293 3688 marte

60 3729 159 3793 agere
187 3717 322 3775 conatus
350 3713 402 3771 est
428 3728 510 3791 quae
542 3713 654 3789 partes
686 3707 825 3772 fuissent
857 3709 1002 3774 virorum
1037 3708 1150 3772 literas
1183 3729 1293 3774 sacras

59 3795 157 3860 unice
179 3799 212 3858 et
231 3793 358 3859 erudite
380 3794 567 3870 colentium,
595 3793 621 3856 si
645 3793 728 3858 tales
749 3793 837 3857 inter
858 3793 1026 3876 theologos
1048 3794 1183 3878 gallicos
1210 3795 1292 3859 infe-

59 3880 186 3947 licioris
213 3878 303 3946 illius
332 3879 448 3944 aetatis
476 3879 689 3944 exstitissent.
735 3878 834 3960 Quod
860 3899 938 3946 cave
965 3878 1166 3945 obliviscaris
1193 3902 1294 3963 quum

58 3966 129 4032 iam
149 3967 255 4032 nostri
276 3965 398 4032 sacculi
426 3965 536 4030 studia
557 3962 745 4048 Stephanos
766 3965 840 4031 illos
867 3972 961 4030 tanto
983 3967 1076 4049 operi
1103 3987 1199 4049 pares
1227 3988 1293 4031 non

57 4051 163 4119 fuisse
196 4059 292 4136 atque
324 4052 360 4116 in
391 4072 429 4117 eo
455 4049 675 4136 promovendo
707 4072 826 4133 parum
856 4053 1030 4134 profecisse
1058 4053 1292 4117 demonstrent.

58 4137 136 4204 Iam
156 4138 285 4206 Millins
306 4137 336 4222 (§
362 4137 468 4222 1155),
497 4144 571 4220 post
600 4158 676 4202 eum
696 4136 913 4218 Wetstenius,
941 4138 1124 4218 Michaelis,
1148 4138 1204 4203 alii
1226 4140 1293 4203 Ro·

58 4225 147 4293 berti
164 4224 324 4292 virtutem
345 4223 503 4303 criticam,
526 4244 624 4307 quam
644 4221 751 4290 dicere
772 4246 951 4308 possemus,
974 4245 1041 4289 non
1063 4223 1214 4290 omnibus
1231 4246 1293 4290 nu·

55 4311 161 4378 meris
182 4311 365 4377 absolutam
382 4309 484 4376 fuisse
500 4311 608 4393 questi
625 4317 712 4389 sunt,
731 4311 864 4395 eiusque
883 4317 1012 4377 textum
1030 4310 1165 4374 minime
1183 4331 1293 4375 emcn-

57 4397 236 4477 datiorem,
268 4397 428 4463 incuriam
459 4416 537 4463 vero
564 4404 598 4462 ct
628 4396 797 4462 levitatem
828 4399 864 4463 in
892 4396 1104 4463 describendo
1133 4404 1294 4481 apparatu

55 4491 190 4551 tantam
216 4483 332 4568 utqui
353 4482 423 4549 eius
443 4483 585 4567 vestigia
611 4491 725 4566 postea
750 4484 892 4569 legerint
919 4504 990 4549 rem
1017 4483 1111 4566 quasi
1139 4484 1292 4549 infectam

55 4569 170 4640 denuo
199 4569 355 4640 inchoare
388 4568 571 4637 debuerint.
621 4568 760 4640 Veteres
792 4570 937 4660 quidem,
967 4569 1082 4640 ldillio
1108 4578 1246 4652 autore,
1268 4569 1317 4635 ‘in

109 4676 210 4731 Reuss,
222 4675 279 4733 Bibl.
292 4675 350 4719 uon
362 4675 453 4719 Tereum.
465 4677 545 4728 maed.
1093 4679 1117 4738 4
