3000 5024
543 197 826 258 raauuouauoa
1280 211 1299 274 5

66 377 210 444 Ioannes
227 373 363 455 Millius,
381 374 552 460 theologus
570 371 778 452 oxoniensis,
801 379 835 440 et
851 371 990 441 Iacobus
1007 375 1058 441 Le
1078 376 1186 462 Long,
1209 400 1301 463 pres-

67 464 165 548 byter
186 462 318 528 oratorii
339 461 546 527 Parisiensie.
592 459 659 543 Qui
686 467 796 526 tamen
824 483 891 527 666
920 460 1009 526 idem
1039 464 1210 529 eonsilium
1238 465 1302 532 sibi

65 555 317 635 proposuerunt.
350 547 397 613 Et
417 548 546 614 Millius
568 547 699 632 quidem
721 547 758 611 in
780 547 1020 631 prolegomenis
1043 548 1196 616 editionis
1220 573 1301 619 suae

66 658 94 703 a.
122 639 203 701 1707
232 635 421 720 evulgatae,
453 634 492 699 de
520 655 586 716 qua
613 633 718 699 fusius
746 653 806 698 suo
836 633 907 699 1666
936 633 1097 714 dicemus,
1130 635 1165 701 id
1190 638 1301 722 ipsum

64 721 199 788 molitus
222 728 273 787 eet
300 720 386 805 quod
414 727 448 786 61
469 720 552 784 mihi
574 727 672 801 caput
699 719 747 784 rei
771 718 916 800 videtur,
945 741 1132 804 quanquam
1158 723 1224 789 alia
1245 725 1301 791 via

65 807 326 891 adsequendum,
356 807 481 874 scilieet
508 813 547 871 ut
573 807 678 890 ipsius
700 812 812 870 textus
838 807 906 871 fata
931 806 1094 891 relegeret
1121 809 1158 874 16
1188 831 1304 875 66666-

66 894 178 962 sendis
200 894 381 959 editionum
403 893 518 959 titulis.
564 893 636 958 Has
663 893 774 974 itaque
795 892 931 956 minime
959 914 1073 959 omnes
1101 897 1222 978 repetit
1244 897 1302 963 sed

67 1003 123 1047 eas
144 985 273 1046 tantum
303 1001 383 1063 quas
411 979 446 1044 in
474 978 702 1046 constituendo
730 985 825 1043 textu
852 979 1018 1063 principes
1045 986 1079 1044 61
1106 984 1302 1067 praecipuas

65 1067 217 1146 habebat,
246 1086 449 1150 quarumque
475 1064 620 1131 indolem
643 1065 850 1131 variantibus
879 1065 992 1131 sedulo
1022 1066 1165 1133 collectis
1188 1077 1221 1134 et
1242 1090 1301 1135 ex·

65 1153 220 1220 eminetis
241 1172 435 1237 cognoscere
462 1159 495 1216 61
522 1151 658 1216 (16116166
686 1149 847 1216 studebat.
892 1152 1003 1234 Atque
1030 1154 1191 1220 haetenus
1220 1155 1302 1221 adeo

64 1239 175 1306 omnia
203 1240 408 1323 praestitisse
436 1238 575 1323 posteris
604 1238 694 1304 visus
722 1243 838 1303 estut
865 1237 1013 1321 plerique
1040 1238 1192 1323 deinceps
1220 1242 1301 1308 satis

64 1325 228 1392 haberent
254 1326 357 1409 ipsius
378 1324 551 1390 materiam
579 1345 672 1389 suam
695 1324 824 1402 fecisse,
854 1323 1039 1407 suppressis
1066 1347 1150 1408 quae
1176 1327 1233 1392 ille
1255 1328 1300 1393 si-

65 1412 167 1479 lentio
178 1413 395 1495 praeterierat
412 1431 450 1478 ac
469 1411 627 1496 neglectis
645 1431 728 1495 quae
746 1410 973 1492 postMillium
992 1411 1125 1477 demum
1143 1413 1177 1477 in
1192 1413 1301 1479 lucem

65 1497 269 1584 prodierunt.
304 1497 369 1577 Sic,
392 1506 429 1563 ut
449 1497 512 1563 hoc
535 1519 602 1563 uno
625 1495 775 1579 exemplo
797 1503 879 1574 utar,
902 1497 1024 1562 factum
1047 1505 1152 1563 estut
1170 1500 1300 1565 Plauti-

64 1586 200 1651 nianam
228 1583 410 1651 editionum
438 1583 611 1663 familiam,
641 1589 674 1648 et
701 1589 812 1648 textus
840 1583 945 1647 forma
974 1590 1008 1648 61
1034 1583 1206 1650 hominum
1235 1608 1300 1652 usu

63 1672 201 1738 minime
222 1670 408 1756 ignobilem,
431 1671 637 1749 recentiores,
668 1670 788 1753 quippe
810 1668 904 1735 cuius
931 1669 1018 1752 apud
1040 1670 1184 1737 Millium
1206 1693 1299 1737 men·

63 1759 190 1824 tionem
221 1757 345 1823 nullam
379 1757 497 1823 saetam
529 1756 694 1833 viderent,
739 1755 898 1821 altissimo
936 1755 1067 1822 silentio
1112 1758 1298 1840 sepelirent.

64 1845 204 1910 Iacobus
231 1863 310 1910 vero
339 1845 390 1909 Le
412 1844 508 1926 Long
535 1843 575 1909 de
602 1848 696 1906 textu
724 1841 822 1923 plane
850 1840 933 1906 nihil
962 1841 1063 1907 habet
1086 1844 1173 1925 quod
1201 1843 1297 1910 dicat.

67 1928 137 2012 Qui
162 1930 199 1995 in
225 1951 285 1996 sua
310 1929 508 1996 bibliotheca
540 1949 633 1994 saara
665 1928 808 2011 primum
837 1948 864 1992 a
897 1931 992 2007 1709,
1027 1928 1143 1995 deinde
1172 1931 1299 1997 auctius

66 2037 95 2082 a.
122 2019 203 2081 1723
224 2018 331 2081 forma
351 2016 467 2081 maiori
489 2014 576 2080 edita
597 2035 726 2079 merum
748 2020 783 2078 et
808 2012 1000 2097 plerumque
1029 2014 1156 2080 nudum
1184 2017 1298 2101 singu·

63 2102 173 2167 larum
200 2100 382 2168 editionum
403 2100 438 2169 S.
462 2099 498 2168 S.
528 2101 714 2186 catalogum
740 2100 933 2183 conscripsit
960 2100 1141 2181 seeundum
1169 2101 1299 2187 linguas
1392 2126 1398 2133 ·

63 2187 239 2272 digestum,
257 2189 292 2253 in
303 2210 366 2271 quo
384 2188 583 2254 conficiendo
601 2188 746 2252 maxima
758 2189 828 2252 eius
840 2207 918 2251 eura
935 2186 1015 2252 haee
1035 2187 1097 2252 fuit
1113 2194 1152 2252 ut
1168 2189 1298 2264 nullum

61 2274 186 2341 librum
214 2274 333 2340 alieubi
363 2283 528 2341 terrarum
556 2273 766 2340 adservatum
796 2272 848 2338 vel
872 2272 1043 2355 abaliquo
1071 2282 1204 2341 auctore
1226 2274 1298 2341 lau-

10 2424 19 2445 ,
62 2360 178 2427 datum
189 2362 362 2426 omitteret.
396 2362 469 2427 Iam
487 2362 516 2427 si
533 2359 723 2445 rependeris
740 2358 970 2426 bibliothecam
987 2360 1079 2424 illam
1090 2360 1298 2444 Longianam

10 2462 13 2471 '
63 2448 210 2514 omnium
234 2447 285 2512 sui
307 2447 437 2532 generis
456 2447 596 2531 primam
613 2447 713 2512 fuisse
731 2445 883 2512 herculeo
901 2445 1011 2511 labore
1032 2448 1297 2529 coacervandum,

10 2514 20 2569 l'

10 2576 18 2597 ὗ

10 2730 23 2791 l

62 2539 100 2599 tu
122 2554 201 2601 sane
224 2533 288 2600 viri
310 2532 514 2619 diligentiam
538 2533 734 2615 divitiasque
755 2530 899 2616 undique
921 2553 1068 2598 66666666
1086 2533 1242 2616 stupebis,
1265 2540 1299 2598 61

83 2640 127 2685 66
149 2620 259 2685 minus
281 2620 472 2686 innumeras
489 2621 633 2698 lacunas,
657 2639 820 2685 annorum
838 2626 871 2684 et
888 2619 1070 2683 formarum
1088 2641 1224 2697 errores,
1247 2619 1297 2686 bis

62 2641 332 2774 116666161116116
354 2707 532 2774 6666661166
554 2705 663 2785 libros,
687 2705 894 2788 6666166666
918 2704 1116 2772 authenticis
1136 2706 1287 2772 laudatos

10 2814 20 2855 :
62 2792 93 2856 61
126 2792 206 2858 vitio
238 2799 363 2871 vertas,
403 2794 493 2877 ipsae
530 2791 738 2858 difficultates
770 2791 878 2874 operis
915 2811 1018 2873 paene
1057 2759 1301 2876 insuperabilei

62 2899 203 2962 aequum
232 2884 266 2944 16
292 2878 434 2945 iudicem
460 2877 689 2962 prohibebunt.
734 2877 801 2959 Qui
830 2877 974 2960 priorem
1001 2877 1178 2942 editionem
1203 2878 1298 2944 nulla

61 2984 156 3030 mora
166 2964 390 3032 intercedente
400 2965 534 3049 Lipsiae
546 2964 765 3031 recudendam
778 2963 993 3031 curavitOhr.
1004 2963 1095 3028 Frid.
1109 2964 1297 3030 Boernerus

10 3056 17 3117 .’
62 3049 103 3117 (16
125 3071 184 3117 666
205 3050 303 3135 61666
323 3050 457 3130 addidit,
487 3051 529 3117 ad
550 3057 698 3117 nostram
726 3057 839 3115 tamen
864 3049 1068 3131 provinciam
1094 3050 1297 3133 pertinentia

10 3152 18 3161 ·
61 3136 216 3221 pauciora
236 3158 336 3220 quam
359 3159 443 3222 quae
465 3139 526 3204 hoo
547 3137 617 3204 1666
637 3136 772 3202 laudare
794 3141 967 3218 oporteret.

148 3223 256 3289 Multo
284 3224 390 3309 magis
422 3222 701 3290 commendandus
734 3243 840 3289 novus
874 3220 1021 3286 eiusdem
1053 3221 1162 3303 operis
1191 3220 1297 3288 editor

60 3306 167 3374 Andr.
197 3308 344 3394 Theoph.
373 3310 542 3377 Masohius
575 3310 630 3392 qui
665 3329 692 3374 a.
730 3311 810 3372 1778
845 3314 878 3373 61
909 3306 1119 3390 sequentibus
1153 3308 1297 3391 priorem

10 3432 17 3445 ·-
59 3394 177 3461 saltem
201 3405 339 3479 partem,
361 3401 472 3462 textus
489 3395 664 3480 originales
682 3401 716 3461 61
733 3394 900 3461 versiones
917 3392 1094 3459 orientales
1111 3393 1296 3479 latinaeque

15 3520 20 3525 -
59 3481 342 3564 complectentem,
364 3503 493 3548 summa
514 3501 593 3549 cura
615 3488 648 3546 61
669 3479 915 3563 incomparabili
933 3479 1094 3545 industria
1112 3488 1242 3547 auctam
1264 3488 1297 3548 et

59 3567 225 3653 digestam
257 3568 402 3652 quinque
429 3569 653 3636 voluminibus
684 3567 814 3652 prodire
846 3567 949 3632 iussit.
1000 3567 1093 3633 Haeo
1122 3567 1220 3632 editio
1247 3575 1297 3634 161

58 3654 301 3738 supplementis
322 3654 519 3738 locupletata
541 3661 601 3734 661,
630 3661 699 3719 tam
721 3653 828 3720 lucida
848 3652 1062 3718 materiarum
1084 3651 1296 3737 dispositione

57 3740 138 3806 usui
157 3740 360 3806 eruditorum
383 3741 637 3819 accommodata,
665 3746 734 3805 tam
763 3746 915 3806 accurata
942 3738 1102 3804 librorum
1127 3760 1210 3822 quac
1231 3740 1296 3823 ipsi

57 3827 187 3892 auctori
207 3827 427 3892 innotuerunt
444 3827 661 3910 descriptione
678 3827 828 3910 insignis,
852 3833 889 3890 ut
905 3846 1030 3892 novum
1047 3826 1114 3890 fere
1132 3846 1213 3909 opus
1231 3825 1296 3892 dici

58 3910 187 3978 debeat.
220 3911 259 3978 si
276 3914 383 3979 nihilo
394 3913 505 3978 minus
522 3914 558 3978 in
576 3934 615 3980 66
633 3912 878 3979 subsistendum
897 3933 968 3977 esse
986 3932 1080 3994 nego,
1098 3909 1134 3975 id
1150 3912 1295 3977 maxime

54 4018 121 4150 lm
143 3997 273 4065 diverso
295 4022 391 4084 quem
416 4021 594 4084 persequor
611 4020 706 4083 scopo
724 3998 848 4065 dietum
866 3997 1091 4064 aestimaveris
1109 4004 1143 4062 61
1160 4008 1295 4082 6666166

70 4083 140 4150 ibri
167 4092 383 4167 vetustatem,
418 4108 535 4153 verum
564 4092 674 4151 tamen
707 4086 808 4151 etiam
832 4092 967 4169 propter
999 4083 1143 4167 plurima
1174 4083 1295 4149 menda

10 4236 23 4281 1

10 4296 23 4347 ξι

10 4170 15 4223 ἓ
56 4191 145 4256 quae
168 4170 376 4239 doctissimus
405 4173 511 4238 editor
538 4172 592 4240 vel
621 4193 662 4237 ex
691 4172 781 4237 fonte
809 4192 868 4237 suo
895 4170 1052 4255 primario
1079 4170 1210 4236 incaute
1238 4168 1294 4235 de·
1333 4172 1340 4180 '

55 4257 195 4341 scripsit
215 4258 270 4324 vel
291 4259 457 4325 incautius
478 4258 611 4324 aliunde
633 4257 743 4323 oblata
764 4258 896 4340 recepit.

17 4402 20 4409 .
146 4343 236 4410 Huic
257 4345 394 4412 minime
416 4343 651 4429 aequiparandi
678 4344 735 4408 alii
763 4342 914 4409 nonnulli
936 4343 1110 4427 scriptores
1141 4340 1198 4423 qui
1224 4339 1294 4405 edi·

23 4458 31 4477 *
55 4430 169 4497 tiones
189 4431 231 4496 N.
253 4431 290 4496 Τ.
314 4433 425 4515 graeci
445 4451 615 4499 recensere
637 4431 746 4495 eonati
767 4437 854 4510 sunt,
875 4429 988 4512 idque,
1015 4427 1082 4492 nisi
1108 4426 1220 4492 omnia
1240 4448 1295 4493 me

12 4824 26 4894 1

39 4515 193 4596 fallunt,
220 4538 287 4583 666
310 4540 353 4584 ex
381 4519 512 4602 6666616
539 4516 698 4582 librorum
724 4517 841 4582 notitia
870 4515 928 4582 sed
955 4536 998 4581 ex
1023 4512 1125 4580 variis
1154 4520 1187 4578 61
1209 4514 1294 4580 anti·

31 4601 232 4705 ··quioribus
253 4603 525 4673 bibliothecarum
547 4603 704 4689 catalogis
727 4602 963 4688 supellectilem
985 4621 1080 4668 suam
1096 4605 1303 4685 repetentes.
