3000 5024
73 240 101 299 Χ
442 238 639 297 numerans
656 238 939 299 utmvtmlm.
1246 243 1307 309 135

102 500 194 604 aa*
235 534 548 603 tuamensem
564 542 654 615 aaz.
679 541 855 600 amsans·
877 540 957 599 eo.
974 540 1072 599 san.
1107 541 1199 604 1735.
1234 540 1262 605 e.

155 690 270 759 Editio
291 691 435 759 soounda
454 690 718 771 Mastriehtiana,
742 710 811 756 non
832 697 949 774 quarta
969 697 1008 757 ut
1028 693 1196 759 nonnullis
1226 692 1306 760 dioi-

68 788 135 859 tur,
154 777 367 880 praeoedenti
388 779 469 844 adso
491 778 607 844 similis
628 779 664 843 in
682 783 794 843 textus
814 777 1048 860 oompositione
1065 778 1306 865 typographiae

67 872 109 931 ut
130 886 190 933 nx
211 884 332 932 novam
354 886 425 931 esse
447 865 508 931 tibi
529 864 733 950 persuadeas.
779 862 873 945 Quae
895 871 1006 929 tamen
1034 886 1113 932 vero
1140 887 1226 933 nova
1254 874 1305 933 est

68 958 104 1018 ot
136 949 275 1018 subinde
305 948 412 1034 quoad
445 958 637 1035 apparatum
671 957 776 1017 auota
827 950 941 1017 Prima
971 951 1070 1017 faoies
1101 952 1178 1019 libri
1208 953 1306 1018 offert

89 1038 307 1105 notationem
332 1036 518 1103 breviorem
546 1036 679 1103 editoris
705 1037 760 1120 qui
782 1036 845 1102 fuit
870 1037 941 1119 ipse
969 1037 1025 1102 ille
1048 1059 1189 1123 magnus
1218 1037 1246 1103 Ι.
1275 1038 1303 1105 L

117 1125 279 1190 steterim
304 1121 345 1189 de
372 1124 465 1190 ouius
492 1123 609 1190 studiis
635 1124 756 1189 oritiois
788 1123 876 1187 infra
908 1122 1005 1206 plura
1030 1122 1187 1190 dieantur.
1237 1124 1306 1192 Hie

66 1232 137 1279 non
165 1210 273 1278 solum
301 1208 467 1276 Gerhardi
496 1208 604 1275 studia
631 1216 664 1275 et
689 1208 833 1276 subsidia
860 1210 1008 1276 severius
1035 1212 1236 1296 perstringit,
1266 1218 1305 1277 ut

66 1297 128 1383 qui
148 1297 217 1363 iam
236 1294 427 1362 melioribus
449 1296 532 1363 velis
553 1316 634 1362 usus
655 1317 746 1362 mare
768 1296 919 1361 eritioum
940 1296 1052 1363 minus
1074 1298 1214 1363 infidum
1235 1299 1305 1382 ipso

66 1390 228 1469 expertus
250 1388 329 1461 erat,
352 1381 411 1448 sed
433 1389 466 1447 et
487 1381 573 1465 quod
595 1381 636 1447 ad
665 1388 795 1448 nostras
817 1401 870 1446 ros
887 1381 986 1447 faeiat
1015 1380 1122 1449 lueide
1151 1385 1302 1469 exponit:

58 1470 191 1555 prioris
211 1467 366 1535 editionis
387 1468 627 1552 exemplaribus
648 1467 813 1535 distraotis
835 1468 967 1533 alteram
987 1473 1076 1552 posoi
1098 1478 1132 1536 et
1159 1471 1304 1555 flagitari

64 1562 228 1641 oooptam,
255 1576 339 1639 quae
360 1575 443 1620 nuno
464 1556 588 1620 deosum
608 1564 774 1639 appareat,
796 1554 854 1619 illa
875 1554 1054 1621 meliorem.
1099 1557 1186 1623 Eoos
1207 1557 1303 1623 illum

65 1642 108 1708 de
130 1642 281 1726 pluribus
303 1647 379 1707 anto
401 1640 487 1707 hano
509 1640 654 1726 vulgatis
676 1641 811 1706 omnino
837 1642 1017 1708 tacentemi
1063 1642 1303 1727 Prolegomana

65 1726 236 1796 Gerhordi
256 1726 442 1813 paullulum
463 1735 559 1794 aneta
579 1734 657 1794 sunt
678 1747 720 1793 ex
742 1728 865 1794 autoris
887 1727 1016 1794 sehodis
1038 1729 1258 1815 autographis.

65 1956 146 2020 aa*
177 1954 897 2030 mmanaapaanaaaananap
932 1955 1151 2019 raso-1732.
1184 1959 1241 2019 aa.
1272 1957 1302 2021 a.

150 2108 193 2175 N.
218 2108 254 2174 Τ.
279 2128 432 2195 graecum
455 2108 641 2193 germaniae
662 2107 873 2189 illustratum,
904 2129 980 2174 oum
1002 2108 1097 2174 titulo
1121 2114 1154 2174 et
1174 2109 1302 2191 praefa-

61 2194 155 2263 tione
175 2194 290 2281 lingua
312 2194 488 2260 vernaoula
509 2194 648 2277 seriptis,
671 2194 806 2259 'textum
828 2200 862 2259 et
888 2195 1053 2262 variantes
1076 2195 1302 2262 Mastriohtia-

62 2301 128 2347 nae
160 2281 281 2364 repetit
313 2280 432 2346 additis
461 2278 724 2346 adnotationibus
758 2280 981 2364 grammaticis
1009 2286 1042 2344 ot
1069 2281 1234 2348 historiois
1264 2282 1302 2347 in

61 2388 163 2434 usum
185 2367 341 2447 tironum,
364 2367 443 2431 item
466 2366 732 2432 meditationibus
754 2366 933 2432 moralibus
955 2367 989 2431 in
1009 2368 1178 2451 perioopas
1196 2366 1300 2433 domi·

60 2453 194 2520 nioales.
238 2455 347 2521 Autor
368 2452 476 2537 operis
498 2452 709 2519 Christianus
732 2452 928 2519 Neudeoker
949 2460 1061 2538 pastor
1083 2454 1299 2521 Patndorfen·

60 2538 168 2641 eisin
196 2559 277 2625 agro
305 2537 472 2605 Saxoniao
493 2536 780 2639 Altenburgioae.-
805 2538 899 2623 Opus
926 2538 1034 2605 tribus
1062 2536 1176 2626 spissis
1206 2541 1300 2610 volu·
1359 2588 1363 2593 -

60 2624 208 2727 munibus
230 2625 426 2693 absolutum
472 2624 521 2691 of.
545 2623 655 2691 Gelan
675 2623 762 2690 B1bl.
787 2625 883 2691 theol.
911 2625 952 2691 V.
978 2631 1049 2693 447.

219 2853 297 2915 98.*
339 2851 875 2935 HALAEbnponmorpboaotropboi.
911 2855 1003 2916 1740.
1040 2853 1087 2916 lb.

278 2939 298 2980 ὓ
339 2940 474 2997 HALLE
490 2943 521 2997 in
545 2942 696 3013 Veronam
712 2945 761 2998 dos
785 2943 1007 3014 Woyeoobooesa.
1046 2941 1135 3004 1741.
1174 2941 1222 3025 lb.

148 3070 275 3159 [lentus
302 3090 388 3158 binis
408 3091 568 3158 oolumnis
596 3089 639 3156 ad
666 3091 951 3159 Mastriohtianam
981 3092 1028 3157 ita
1056 3114 1232 3177 expressus
1261 3104 1301 3162 ut

58 3179 211 3265 paginae:
219 3177 349 3262 paginis
376 3177 425 3244 ed.
451 3179 658 3262 germanioaa
685 3177 929 3244 Oanstenianae
955 3179 1182 3263 respondeant.
1228 3183 1297 3247 Ex·

57 3264 728 3419 ffil'ffiffloemmdggfflwgfflanifflffn
745 3265 876 3364 proprie
893 3265 995 3415 igitur
1016 3287 1085 3416 nor}
1106 3268 1298 3369 typothetae

58 3438 134 3506 dom
155 3358 727 3523 1113168ξοαιὲὴθθῐῢζοῃθιιῗρέιῖἱῗέἳ,
747 3372 815 3503 Ilbll
841 3373 924 3502 lfldlid
938 3357 1296 3526 tgddmbssblndnddgda

56 3525 201 3609 quatuor
221 3523 448 3591 oolnmnarum
470 3524 556 3589 foliis
578 3524 703 3608 grae‘ois
726 3523 901 3589 interserta
922 3533 1009 3590 sunt.
1041 3525 1116 3592 Hae
1134 3526 1295 3596 editiones

55 3610 222 3677 Halenses
243 3609 344 3674 libros
365 3610 405 3675 N.
431 3611 467 3674 'll
491 3631 529 3675 eo
553 3610 675 3675 ordine·
690 3609 848 3674 exhibent
869 3608 1042 3694 dispositos
1067 3634 1131 3696 quo
1153 3614 1190 3678 in
1219 3636 1294 3682 vor-

47 3698 153 3765 ·sione
180 3694 320 3763 liutheri
348 3696 499 3763 veniunt
550 3696 729 3762 Variantes
756 3695 923 3775 exsulant,
954 3698 1013 3764 sed
1035 3698 1201 3766 adduntur
1222 3700 1293 3770 loea

54 3781 224 3870 putum

214 3992 290 4055 aa*
332 3993 467 4051 HALAE
484 3995 613 4069 dispansis
633 3996 869 4069 orpboraotropbei.
906 3994 996 4056 1756.
1023 3994 1071 4058 12.

64 4092 73 4159 j
104 4090 119 4143 'i
151 4132 157 4157 .,
262 4080 295 4120 -*·
331 4079 513 4140 HALLE'a'n
537 4083 753 4155 Vorkqunpdaa
777 4083 1003 4154 Wapmuaaeo.
1040 4084 1130 4145 1756.
1167 4085 1215 4147 12.

49 4213 256 4388 maffia?
285 4214 429 4282 soounda
457 4216 515 4284 vix
539 4236 562 4285 a
589 4215 691 4300 priori
718 4182 964 4302 distinguenda,
998 4216 1056 4281 sed
1083 4223 1194 4284 tamen
1222 4238 1289 4283 non

231 4512 327 4576 100.ι
369 4512 504 4574 HALAE
525 4516 657 4587 impensis
674 4515 915 4588 orphanotrophi.
951 4514 1041 4576 1775.
1075 4513 1123 4572 12.

55 4712 71 4721 ..
140 4644 257 4715 Editio
283 4647 382 4717 tertia
403 4648 456 4717 oui
477 4667 522 4715 an
543 4648 740 4743 aooesserint
761 4649 963 4735 exemplaria
988 4649 1150 4737 bilinguis
1168 4649 1294 4719 neseio.
