3000 5024
90 224 116 283 u
493 220 920 280 nonrounsnaasmorn.
1284 229 1324 292 37

90 394 192 483 geria
215 394 332 463 incidit
358 395 395 461 in
415 416 533 463 manus
559 415 650 462 meus
677 394 833 463 volumen
860 396 997 462 minime
1026 396 1211 481 speciosum
1233 398 1327 482 'qnod

90 481 264 632 3333331113
284 484 397 550 Lucae
407 490 452 633 leiat
472 483 607 548 Ioannis
629 504 671 632 dlx
691 482 750 548 illa
771 483 900 550 officina
920 482 1008 585 edita
1026 485 1221 584 continebat,
1245 506 1326 585 qna·

89 577 234 740 dorffldtl
248 570 1325 742 31138131)ξῖ3351138311389113313θῢ311έ13133111113133ΒὲἕἛΓῙἏ-θῖ31ἒ31313ι3131

89 740 131 807 o'
190 740 341 807 adfuisse.
376 741 520 807 [Pontum
542 739 584 806 ad
606 746 758 824 quartam
780 742 986 808 Erasmioam
1008 764 1202 826 expressum
1224 742 1326 811 fuisse

88 849 133 894 ex
160 826 461 929 331331333133.
493 832 528 908 2,
562 833 608 891 14.
637 828 688 906 (Τ.
718 831 796 905 328)
828 828 959 913 collegi,
990 830 1046 912 qui
1076 829 1166 930 solus
1193 829 1324 897 exiliis

87 914 216 1067 {nappe
236 914 416 1065 etpangelns
440 937 476 980 1n
503 920 621 997 quarta
649 913 691 979 ad
713 912 980 997 Oomplutensem
1011 915 1184 982 lectionem
1213 937 1325 983 emen·

112 1021 133 1067 a
208 1021 244 1066 es

110 1209 187 1268 w
229 1209 424 1268 BASILEAE
446 1229 490 1285 ap.
509 1212 586 1269 Hier.
606 1212 771 1268 studendum
787 1220 814 1268 at
831 1211 894 1268 Nic.
912 1213 1098 1284 mopiam
1130 1214 1219 1272 1535.
1242 1213 1300 1285 foi.

173 1344 267 1411 Haeo
294 1353 344 1412 est
372 1344 489 1428 quintu
515 1352 549 1411 et
575 1345 695 1411 ultima
721 1345 852 1411 Erasmi
886 1345 985 1410 editio
1018 1365 1116 1427 quam
1148 1347 1218 1428 ipse
1251 1348 1319 1414 fere

87 1432 361 1516 septuagenarius
383 1431 475 1514 prelo
497 1431 752 1497 submittendum
772 1432 906 1498 curavit.
952 1431 1042 1496 Satis
1064 1430 1253 1514 infrequens
1275 1440 1324 1500 est

87 1523 124 1583 et
148 1517 313 1585 Lorckius
346 1538 419 1583 eam
447 1519 516 1584 suis
550 1517 730 1583 addendam
765 1518 889 1582 frustra
919 1517 1091 1600 quaesivit
1141 1518 1324 1602 Exemplar

85 1624 200 1670 meum
221 1603 427 1687 redemptum
449 1613 561 1683 estex
583 1602 675 1670 libris
697 1605 779 1670 Ern.
800 1603 883 1671 cod.
904 1603 965 1669 Ad.
985 1603 1154 1671 Boeokelii
1175 1605 1322 1691 theologi

89 1688 386 1774 Oldenburgensis.

173 1776 250 1842 Non
272 1776 394 1841 deserit
414 1783 568 1860 quartam
589 1776 654 1842 nisi
676 1775 803 1842 duobus
826 1775 863 1840 in
883 1775 976 1840 locis:

131 1858 171 1927 U.
194 1885 219 1928 s.
245 1865 296 1926 34.
319 1860 370 1940 (S.
395 1864 472 1939 318)
499 1868 526 1929 l.
549 1860 624 1928 Cor.
652 1865 699 1941 12,
724 1865 752 1926 2.
777 1861 863 1927 redit
885 1860 927 1927 ad
948 1861 1125 1944 pristinam
1147 1861 1322 1930 lectionem

193 1958 216 2014 3.
244 1952 294 2014 35.
318 1949 412 2026 (Beb.
439 1953 491 2027 10)
513 1950 587 2015 Act
611 1954 640 2028 9,
669 1952 720 2013 28.
745 1946 816 2013 add
841 1950 892 2010 καὶ
913 1947 1189 2031 caucaseae*

173 2034 247 2099 Iam
269 2056 370 2118 quum
392 2035 525 2100 Erasmi
545 2035 673 2101 labores
696 2055 809 2100 omnes
827 2034 965 2099 subinde
983 2034 1174 2100 emendatos
1193 2036 1228 2100 in
1246 2057 1321 2102 cen·

85 2141 162 2187 snm
189 2121 378 2188 vocaverim
405 2141 473 2186 non
499 2121 558 2187 abs
586 2142 623 2187 re
650 2122 714 2185 erit
745 2121 898 2185 nltimam
931 2141 1044 2185 eorum
1076 2121 1214 2187 formam
1247 2144 1322 2189 oum

84 2208 194 2290 prima
216 2206 369 2274 collatam
391 2229 433 2273 ex
449 2215 560 2274 mente
581 2208 800 2274 recentiorum
823 2207 1005 2273 aestimare.
1042 2206 1158 2273 Prima
1180 2206 1280 2273 editio
1303 2232 1324 2276 a

84 2293 316 2377 Complutensi
344 2293 586 2377 discrepaverat
613 2293 693 2360 locis
724 2297 785 2357 347
813 2293 901 2358 inter
928 2300 1041 2358 nostra
1067 2292 1177 2374 mille,
1206 2296 1324 2377 quinta

83 2378 164 2447 locis
188 2383 260 2459 337,
283 2380 392 2446 tricies
414 2380 483 2447 eius
505 2380 644 2447 lectione
666 2388 812 2462 recepta,
842 2379 942 2445 vicies
964 2377 1143 2463 repudiata.
1190 2380 1232 2444 In
1254 2388 1322 2448 toto

83 2466 220 2532 fuerunt
241 2466 314 2532 loca
337 2470 397 2530 367
420 2467 454 2530 13
478 2467 595 2549 quibus
618 2465 701 2531 duae
723 2466 799 2532 11133
821 2466 1028 2531 recensiones
1051 2465 1152 2531 semel
1174 2466 1227 2533 vel
1250 2471 1321 2535 sae·

82 2551 159 2636 pius
181 2553 216 2617 in
238 2552 368 2619 diversa
390 2553 551 2619 abierunt.
596 2553 728 2618 Mutata
748 2552 888 2619 lectione
910 2553 1087 2631 Erasmus,
1116 2550 1202 2636 quod
1223 2575 1320 2621 sexa·

109 2639 118 2653 '
143 2643 179 2705 ta
201 2638 326 2705 dnobus
352 2639 431 2706 locis
461 2639 576 2706 fecisse
601 2660 678 2704 eum
707 2637 791 2718 dixi,
823 2638 929 2705 decies
957 2648 990 2704 et
1018 2640 1137 2722 septies
1165 2640 1320 2723 peiorem,

107 2724 320 2791 3313333333
341 2726 518 2804 meliorem,
547 2725 647 2793 vicies
670 2732 703 2789 et
723 2732 840 2809 quater
862 2726 1020 2808 optimam
1046 2727 1177 2809 recepit.
1221 2727 1321 2793 Patet

81 2811 188 2896 igitur
214 2810 365 2877 ultimam
396 2810 571 2876 editionem
597 2832 665 2876 non
692 2810 776 2876 nihil
802 2812 909 2895 prima
935 2818 1102 2896 praestare
1130 2811 1188 2878 sed
1216 2833 1320 2898 usque

82 2897 315 2982 Complutensi
336 2896 523 2964 inferiorem
546 2917 628 2964 3333.
1012 2943 1017 2948 -

106 3108 181 3168 22*
224 3107 418 3167 BASILEAE
440 3129 485 3183 up.
504 3110 582 3166 Πίον.
601 3109 765 3166 Frobcaa'cm
782 3118 808 3166 ct
825 3109 888 3166 Nic.
906 3109 1092 3182 1133333ρί333.
1120 3107 1210 3169 1541.
1239 3111 1290 3176 fol.

168 3243 232 3307 Est
252 3241 307 3309 hio
325 3241 473 3325 Operum
490 3244 568 3309 Des
585 3243 717 3309 Erusmi
739 3264 759 3308 3
776 3244 880 3309 Beato
898 3242 1061 3307 Rhenano
1081 3262 1202 3309 novem
1224 3243 1318 3311 volu-

81 3328 229 3395 minibus
258 3328 420 3395 editorum
448 3336 557 3394 tomus
583 3336 707 3394 sextus.
756 3331 875 3395 Annus
906 3332 986 3392 1541
1017 3329 1053 3393 in
1082 3329 1190 3394 fronte
1219 3330 1318 3397 huius

81 3416 165 3481 tomi
186 3415 307 3500 legitur
329 3413 443 3482 sedin
465 3415 553 3483 33133
572 3416 612 3481 N.
636 3417 673 3480 d.
697 3416 851 3481 scribitur
876 3419 968 3494 1539,
990 3415 1024 3480 13
1047 3417 1113 3481 fine
1135 3417 1317 3482 adnotatio·

80 3523 166 3569 num
197 3507 287 3567 1540.
332 3502 494 3567 Diversae
519 3501 595 3567 illae
624 3523 786 3567 annorum
813 3508 911 3568 notae
937 3522 1173 3585 nonnunquam
1201 3501 1317 3569 biblio·

80 3588 228 3674 graphos
259 3589 442 3653 turbarunt.
493 3588 657 3655 Aoourate
689 3593 837 3654 nostram
869 3586 1023 3653 describit
1050 3588 1193 3657 Goezius
1219 3590 1316 3658 Vera.

80 3696 114 3760 p.
138 3678 189 3741 25.
212 3675 251 3741 cf.
274 3674 463 3740 Meschium
484 3674 511 3739 I.
535 3677 606 3739 292.

171 3761 297 3867 Textus
320 3783 363 3826 ex
385 3760 499 3843 quinta
521 3761 592 3827 sine
613 3760 684 3826 ulla
704 3761 886 3827 mutatione
909 3780 1093 3843 expressus.

129 3970 178 4031 23.
220 3971 405 4032 LUGDUNI
422 3975 489 4030 But.
506 3990 576 4030 uuo
592 3974 764 4047 3113333335
781 3975 935 4030 Petriana
951 3976 1002 4030 der
1019 3974 1075 4031 Ao.
1110 3972 1196 4031 1705.
1223 3974 1275 4042 tol.

169 4106 233 4172 Est
253 4112 362 4173 tomus
383 4113 497 4173 sextus
519 4106 680 4173 secundae
701 4106 855 4173 editionis
883 4128 1019 4191 operum
1041 4107 1175 4173 Erasmi
1205 4107 1317 4175 decem

81 4192 310 4261 voluminibus
332 4215 351 4259 3
372 4193 420 4259 Io.
443 4193 572 4260 Olerioo
593 4200 796 4279 procuratae.
830 4193 1003 4274 Quantum
1026 4195 1067 4259 ad
1089 4201 1210 4273 nostra,
1232 4193 1319 4259 nihil

79 4285 248 4346 mutatum
277 4280 306 4346 si
328 4279 514 4346 Masohium
544 4280 583 4357 (I.
609 4285 687 4359 293)
715 4288 748 4346 et
774 4281 958 4347 Lorokium
987 4281 1045 4359 (Π.
1071 4284 1127 4359 35)
1157 4280 1315 4360 audieris;

80 4368 216 4433 numeri
237 4371 368 4432 tantum
389 4367 629 4435 versiculorum
652 4365 806 4451 adpositi,
838 4366 1065 4433 adnotationes
1094 4366 1235 4452 singulis
1257 4388 1315 4450 pa-

79 4452 172 4605 ffiiis
205 4451 384 4539 subiectae;
416 4461 587 4538 praeterea
619 4454 730 4519 omnia
761 4454 959 4537 praecedens
991 4454 1160 4536 exemplar
1191 4453 1315 4519 referre

106 4540 113 4553 '
136 4548 249 4605 untur.
278 4538 407 4605 Verum
428 4540 546 4607 collato
568 4540 749 4623 exemplari
770 4539 857 4624 quod
877 4541 915 4606 in
932 4540 1129 4607 bibliotheca
1145 4546 1315 4623 pastorum

78 4624 241 4697 Noonmi
259 4625 295 4690 in
312 4626 471 4693 Helvetia
491 4633 679 4695 asservatur
700 4628 737 4693 in
758 4628 880 4713 plures,
908 4628 972 4696 etsi
992 4627 1137 4694 rariores
1154 4626 1249 4694 13333
1264 4627 1324 4695 13.-
