<?xml version="1.0" encoding="UTF-8"?>
<!DOCTYPE html PUBLIC "-//W3C//DTD XHTML 1.0 Transitional//EN"
    "http://www.w3.org/TR/xhtml1/DTD/xhtml1-transitional.dtd">
<html xmlns="http://www.w3.org/1999/xhtml" xml:lang="en" lang="en">
 <head>
  <title>
</title>
<meta http-equiv="Content-Type" content="text/html;charset=utf-8" />
  <meta name='ocr-system' content='tesseract 3.04.00' />
  <meta name='ocr-capabilities' content='ocr_page ocr_carea ocr_par ocr_line ocrx_word'/>
</head>
<body>
  <div class='ocr_page' id='page_1' title='image "./bibliothecanovi00reusgoog_0098.png"; bbox 0 0 3000 5024; ppageno 0'>
   <div class='ocr_carea' id='block_1_1' title="bbox 96 268 1332 334">
    <p class='ocr_par' dir='ltr' id='par_1_1' title="bbox 96 268 1332 334">
     <span class='ocr_line' id='line_1_1' title="bbox 96 268 1332 334; baseline -0.002 -6"><span class='ocrx_word' id='word_1_1' title='bbox 96 272 133 328; x_wconf 81' lang='lat' dir='ltr'>W</span> <span class='ocrx_word' id='word_1_2' title='bbox 375 268 572 325; x_wconf 69' lang='lat' dir='ltr'>emmonius</span> <span class='ocrx_word' id='word_1_3' title='bbox 589 268 1055 326; x_wconf 71' lang='lat' dir='ltr'>courumosrssflsmcss.</span> <span class='ocrx_word' id='word_1_4' title='bbox 1291 272 1332 334; x_wconf 89' lang='grc'>83</span> 
     </span>
    </p>
   </div>
   <div class='ocr_carea' id='block_1_2' title="bbox 94 438 1336 610">
    <p class='ocr_par' dir='ltr' id='par_1_2' title="bbox 94 438 1336 610">
     <span class='ocr_line' id='line_1_2' title="bbox 94 438 1332 528; baseline -0.003 -18"><span class='ocrx_word' id='word_1_5' title='bbox 94 442 241 528; x_wconf 77' lang='lat' dir='ltr'>sequiter-</span> <span class='ocrx_word' id='word_1_6' title='bbox 261 440 332 519; x_wconf 88' lang='lat' dir='ltr'>(W.</span> <span class='ocrx_word' id='word_1_7' title='bbox 356 442 420 520; x_wconf 73' lang='lat'>29),</span> <span class='ocrx_word' id='word_1_8' title='bbox 449 441 664 527; x_wconf 70' lang='lat' dir='ltr'>singulariter</span> <span class='ocrx_word' id='word_1_9' title='bbox 692 441 746 509; x_wconf 87' lang='lat' dir='ltr'>vel</span> <span class='ocrx_word' id='word_1_10' title='bbox 773 444 882 526; x_wconf 87' lang='lat' dir='ltr'>potius</span> <span class='ocrx_word' id='word_1_11' title='bbox 909 442 1027 509; x_wconf 83' lang='lat' dir='ltr'>vitiose</span> <span class='ocrx_word' id='word_1_12' title='bbox 1056 441 1170 508; x_wconf 75' lang='lat' dir='ltr'><strong>scribit</strong></span> <span class='ocrx_word' id='word_1_13' title='bbox 1200 446 1226 508; x_wconf 88' lang='lat' dir='ltr'>l.</span> <span class='ocrx_word' id='word_1_14' title='bbox 1257 438 1332 508; x_wconf 85' lang='lat' dir='ltr'>(lor.</span> 
     </span>
     <span class='ocr_line' id='line_1_3' title="bbox 99 524 1336 610; baseline -0.001 -17"><span class='ocrx_word' id='word_1_15' title='bbox 99 536 147 604; x_wconf 74' lang='lat'>12.</span> <span class='ocrx_word' id='word_1_16' title='bbox 173 531 201 594; x_wconf 78' lang='lat'>2.</span> <span class='ocrx_word' id='word_1_17' title='bbox 228 526 329 593; x_wconf 70' lang='grc' dir='ltr'><strong><em>οἴδατε</em></strong></span> <span class='ocrx_word' id='word_1_18' title='bbox 347 524 394 592; x_wconf 77' lang='grc' dir='ltr'>’ὅτε</span> <span class='ocrx_word' id='word_1_19' title='bbox 417 527 467 608; x_wconf 73' lang='lat' dir='ltr'>(S.</span> <span class='ocrx_word' id='word_1_20' title='bbox 493 533 569 609; x_wconf 88' lang='grc'>318)</span> <span class='ocrx_word' id='word_1_21' title='bbox 599 538 631 596; x_wconf 87' lang='lat' dir='ltr'>et</span> <span class='ocrx_word' id='word_1_22' title='bbox 666 532 693 594; x_wconf 78' lang='lat'>2.</span> <span class='ocrx_word' id='word_1_23' title='bbox 723 528 798 595; x_wconf 78' lang='lat' dir='ltr'>Cor.</span> <span class='ocrx_word' id='word_1_24' title='bbox 831 533 859 610; x_wconf 75' lang='lat'>2,</span> <span class='ocrx_word' id='word_1_25' title='bbox 888 535 915 594; x_wconf 82' lang='lat'>3.</span> <span class='ocrx_word' id='word_1_26' title='bbox 949 528 1041 609; x_wconf 71' lang='lat' dir='ltr'>liupr</span> <span class='ocrx_word' id='word_1_27' title='bbox 1070 527 1122 593; x_wconf 74' lang='lat' dir='ltr'>iul</span> <span class='ocrx_word' id='word_1_28' title='bbox 1149 527 1243 608; x_wconf 72' lang='grc' dir='ltr'><strong><em>λύπης</em></strong></span> <span class='ocrx_word' id='word_1_29' title='bbox 1269 531 1336 610; x_wconf 72' lang='grc' dir='ltr'>σχῶ</span> 
     </span>
    </p>
   </div>
   <div class='ocr_carea' id='block_1_3' title="bbox 93 615 257 701">
    <p class='ocr_par' dir='ltr' id='par_1_3' title="bbox 93 615 257 701">
     <span class='ocr_line' id='line_1_4' title="bbox 93 615 257 701; baseline 0.024 -23"><span class='ocrx_word' id='word_1_30' title='bbox 93 617 147 696; x_wconf 72' lang='lat' dir='ltr'>(r.</span> <span class='ocrx_word' id='word_1_31' title='bbox 170 615 257 701; x_wconf 74' lang='lat' dir='ltr'>aaa).</span> 
     </span>
    </p>
   </div>
   <div class='ocr_carea' id='block_1_4' title="bbox 338 823 1086 887">
    <p class='ocr_par' dir='ltr' id='par_1_4' title="bbox 338 823 1086 887">
     <span class='ocr_line' id='line_1_5' title="bbox 338 823 1086 887; baseline 0.004 -5"><span class='ocrx_word' id='word_1_32' title='bbox 338 823 413 884; x_wconf 52' lang='lat'>29!</span> <span class='ocrx_word' id='word_1_33' title='bbox 455 825 593 885; x_wconf 77' lang='lat' dir='ltr'><strong>LEODII</strong></span> <span class='ocrx_word' id='word_1_34' title='bbox 609 829 706 883; x_wconf 63' lang='lat' dir='ltr'>mmcd.</span> <span class='ocrx_word' id='word_1_35' title='bbox 724 829 761 884; x_wconf 85' lang='lat' dir='ltr'>P.</span> <span class='ocrx_word' id='word_1_36' title='bbox 779 827 905 885; x_wconf 76' lang='lat' dir='ltr'>Karsten.</span> <span class='ocrx_word' id='word_1_37' title='bbox 937 826 1027 887; x_wconf 84' lang='lat'><strong>1839.</strong></span> <span class='ocrx_word' id='word_1_38' title='bbox 1059 827 1086 886; x_wconf 87' lang='grc'>8.</span> 
     </span>
    </p>
   </div>
   <div class='ocr_carea' id='block_1_5' title="bbox 91 958 1333 1390">
    <p class='ocr_par' dir='ltr' id='par_1_5' title="bbox 91 958 1333 1390">
     <span class='ocr_line' id='line_1_6' title="bbox 181 958 1331 1046; baseline 0.003 -21"><span class='ocrx_word' id='word_1_39' title='bbox 181 958 301 1026; x_wconf 80' lang='lat' dir='ltr'><strong>Editor</strong></span> <span class='ocrx_word' id='word_1_40' title='bbox 321 959 359 1026; x_wconf 91' lang='lat' dir='ltr'>P.</span> <span class='ocrx_word' id='word_1_41' title='bbox 382 961 538 1038; x_wconf 82' lang='lat' dir='ltr'>Karsten,</span> <span class='ocrx_word' id='word_1_42' title='bbox 561 960 672 1026; x_wconf 89' lang='lat' dir='ltr'>nosoio</span> <span class='ocrx_word' id='word_1_43' title='bbox 693 982 735 1025; x_wconf 88' lang='lat' dir='ltr'>an</span> <span class='ocrx_word' id='word_1_44' title='bbox 757 981 777 1025; x_wconf 86' lang='lat' dir='ltr'>a</span> <span class='ocrx_word' id='word_1_45' title='bbox 798 961 1006 1046; x_wconf 79' lang='lat' dir='ltr'>typographo</span> <span class='ocrx_word' id='word_1_46' title='bbox 1028 959 1186 1040; x_wconf 86' lang='lat' dir='ltr'>diversus,</span> <span class='ocrx_word' id='word_1_47' title='bbox 1217 961 1331 1028; x_wconf 84' lang='lat' dir='ltr'>editio·</span> 
     </span>
     <span class='ocr_line' id='line_1_7' title="bbox 94 1045 1331 1133; baseline 0.002 -21"><span class='ocrx_word' id='word_1_48' title='bbox 94 1068 158 1113; x_wconf 85' lang='lat' dir='ltr'>nes</span> <span class='ocrx_word' id='word_1_49' title='bbox 181 1045 435 1113; x_wconf 84' lang='lat' dir='ltr'>aoatholioorum</span> <span class='ocrx_word' id='word_1_50' title='bbox 457 1047 589 1112; x_wconf 87' lang='lat' dir='ltr'>falsatas</span> <span class='ocrx_word' id='word_1_51' title='bbox 619 1067 691 1112; x_wconf 90' lang='lat' dir='ltr'>esse</span> <span class='ocrx_word' id='word_1_52' title='bbox 712 1049 868 1130; x_wconf 89' lang='lat' dir='ltr'>queritur,</span> <span class='ocrx_word' id='word_1_53' title='bbox 901 1048 981 1114; x_wconf 86' lang='lat' dir='ltr'>alias</span> <span class='ocrx_word' id='word_1_54' title='bbox 1013 1055 1122 1114; x_wconf 86' lang='lat' dir='ltr'>autem</span> <span class='ocrx_word' id='word_1_55' title='bbox 1151 1048 1185 1112; x_wconf 94' lang='lat' dir='ltr'>in</span> <span class='ocrx_word' id='word_1_56' title='bbox 1213 1046 1331 1133; x_wconf 81' lang='lat' dir='ltr'>Belgio</span> 
     </span>
     <span class='ocr_line' id='line_1_8' title="bbox 92 1124 1333 1219; baseline 0.001 -20"><span class='ocrx_word' id='word_1_57' title='bbox 92 1152 163 1199; x_wconf 91' lang='lat' dir='ltr'>non</span> <span class='ocrx_word' id='word_1_58' title='bbox 184 1132 336 1200; x_wconf 88' lang='lat' dir='ltr'>inveniri.</span> <span class='ocrx_word' id='word_1_59' title='bbox 382 1132 457 1214; x_wconf 79' lang='lat' dir='ltr'>Qua</span> <span class='ocrx_word' id='word_1_60' title='bbox 479 1132 518 1198; x_wconf 91' lang='lat' dir='ltr'>de</span> <span class='ocrx_word' id='word_1_61' title='bbox 541 1152 639 1198; x_wconf 86' lang='lat' dir='ltr'>eausa</span> <span class='ocrx_word' id='word_1_62' title='bbox 663 1133 747 1199; x_wconf 87' lang='lat' dir='ltr'>hane</span> <span class='ocrx_word' id='word_1_63' title='bbox 770 1124 820 1198; x_wconf 84' lang='lat' dir='ltr'>ex&#39;</span> <span class='ocrx_word' id='word_1_64' title='bbox 832 1134 1039 1216; x_wconf 77' lang='lat' dir='ltr'>praecedenti</span> <span class='ocrx_word' id='word_1_65' title='bbox 1058 1132 1333 1219; x_wconf 82' lang='lat' dir='ltr'>Goldhageniana</span> 
     </span>
     <span class='ocr_line' id='line_1_9' title="bbox 91 1217 1332 1302; baseline 0.001 -17"><span class='ocrx_word' id='word_1_66' title='bbox 91 1227 246 1286; x_wconf 83' lang='lat' dir='ltr'>aeourate</span> <span class='ocrx_word' id='word_1_67' title='bbox 269 1224 303 1284; x_wconf 92' lang='lat' dir='ltr'>et</span> <span class='ocrx_word' id='word_1_68' title='bbox 324 1219 405 1284; x_wconf 85' lang='lat' dir='ltr'>satis</span> <span class='ocrx_word' id='word_1_69' title='bbox 426 1219 563 1302; x_wconf 91' lang='lat' dir='ltr'>pulohre</span> <span class='ocrx_word' id='word_1_70' title='bbox 583 1217 829 1285; x_wconf 84' lang='lat' dir='ltr'>describendam</span> <span class='ocrx_word' id='word_1_71' title='bbox 846 1221 984 1298; x_wconf 73' lang='lat' dir='ltr'>curavit,</span> <span class='ocrx_word' id='word_1_72' title='bbox 1007 1241 1083 1286; x_wconf 89' lang='lat' dir='ltr'>omn</span> <span class='ocrx_word' id='word_1_73' title='bbox 1104 1221 1257 1286; x_wconf 89' lang='lat' dir='ltr'>omnibus</span> <span class='ocrx_word' id='word_1_74' title='bbox 1274 1219 1332 1286; x_wconf 87' lang='lat' dir='ltr'>ad·</span> 
     </span>
     <span class='ocr_line' id='line_1_10' title="bbox 92 1302 1332 1390; baseline 0.002 -20"><span class='ocrx_word' id='word_1_75' title='bbox 92 1303 284 1371; x_wconf 82' lang='lat' dir='ltr'>ditamentis</span> <span class='ocrx_word' id='word_1_76' title='bbox 313 1312 448 1388; x_wconf 84' lang='lat' dir='ltr'>exeepto</span> <span class='ocrx_word' id='word_1_77' title='bbox 478 1302 608 1382; x_wconf 84' lang='lat' dir='ltr'>lexidio,</span> <span class='ocrx_word' id='word_1_78' title='bbox 644 1307 679 1368; x_wconf 93' lang='lat' dir='ltr'>in</span> <span class='ocrx_word' id='word_1_79' title='bbox 710 1305 802 1370; x_wconf 90' lang='lat' dir='ltr'>ouius</span> <span class='ocrx_word' id='word_1_80' title='bbox 828 1305 936 1371; x_wconf 81' lang='lat' dir='ltr'>locum</span> <span class='ocrx_word' id='word_1_81' title='bbox 960 1305 1049 1371; x_wconf 88' lang='lat' dir='ltr'>aliud</span> <span class='ocrx_word' id='word_1_82' title='bbox 1078 1306 1274 1390; x_wconf 78' lang='lat' dir='ltr'>locupletius</span> <span class='ocrx_word' id='word_1_83' title='bbox 1296 1329 1332 1373; x_wconf 86' lang='lat' dir='ltr'>se</span> 
     </span>
    </p>
   </div>
   <div class='ocr_carea' id='block_1_6' title="bbox 90 1390 1333 1732">
    <p class='ocr_par' dir='ltr' id='par_1_6' title="bbox 90 1390 1333 1732">
     <span class='ocr_line' id='line_1_11' title="bbox 92 1390 1332 1476; baseline 0.001 -19"><span class='ocrx_word' id='word_1_84' title='bbox 92 1391 261 1457; x_wconf 88' lang='lat' dir='ltr'>editurum</span> <span class='ocrx_word' id='word_1_85' title='bbox 278 1391 449 1474; x_wconf 84' lang='lat' dir='ltr'>promittit</span> <span class='ocrx_word' id='word_1_86' title='bbox 484 1392 611 1456; x_wconf 75' lang='lat' dir='ltr'>Textus</span> <span class='ocrx_word' id='word_1_87' title='bbox 633 1411 699 1455; x_wconf 93' lang='lat' dir='ltr'>non</span> <span class='ocrx_word' id='word_1_88' title='bbox 723 1390 878 1471; x_wconf 86' lang='lat' dir='ltr'>variatus,</span> <span class='ocrx_word' id='word_1_89' title='bbox 897 1393 925 1457; x_wconf 89' lang='lat' dir='ltr'>si</span> <span class='ocrx_word' id='word_1_90' title='bbox 944 1393 1111 1476; x_wconf 80' lang='lat' dir='ltr'>exoeperis</span> <span class='ocrx_word' id='word_1_91' title='bbox 1132 1393 1332 1475; x_wconf 85' lang='lat' dir='ltr'>pouoissima</span> 
     </span>
     <span class='ocr_line' id='line_1_12' title="bbox 90 1476 1333 1562; baseline 0.003 -20"><span class='ocrx_word' id='word_1_92' title='bbox 90 1477 165 1543; x_wconf 77' lang='lat' dir='ltr'>loos</span> <span class='ocrx_word' id='word_1_93' title='bbox 186 1476 232 1555; x_wconf 90' lang='lat' dir='ltr'>(J.</span> <span class='ocrx_word' id='word_1_94' title='bbox 259 1482 327 1541; x_wconf 85' lang='lat'>119.</span> <span class='ocrx_word' id='word_1_95' title='bbox 356 1480 427 1542; x_wconf 71' lang='grc'>219.</span> <span class='ocrx_word' id='word_1_96' title='bbox 453 1479 523 1541; x_wconf 71' lang='lat'><strong>229.</strong></span> <span class='ocrx_word' id='word_1_97' title='bbox 549 1476 590 1542; x_wconf 81' lang='lat' dir='ltr'>G.</span> <span class='ocrx_word' id='word_1_98' title='bbox 615 1481 670 1555; x_wconf 78' lang='grc'>46)</span> <span class='ocrx_word' id='word_1_99' title='bbox 699 1477 873 1560; x_wconf 84' lang='lat' dir='ltr'>inquibus</span> <span class='ocrx_word' id='word_1_100' title='bbox 902 1478 1066 1561; x_wconf 80' lang='lat' dir='ltr'>scriptura</span> <span class='ocrx_word' id='word_1_101' title='bbox 1089 1477 1333 1562; x_wconf 83' lang='lat' dir='ltr'>Complutensis</span> 
     </span>
     <span class='ocr_line' id='line_1_13' title="bbox 90 1561 1333 1650; baseline 0.002 -21"><span class='ocrx_word' id='word_1_102' title='bbox 90 1564 212 1630; x_wconf 78' lang='lat' dir='ltr'>vitiosa</span> <span class='ocrx_word' id='word_1_103' title='bbox 235 1562 339 1628; x_wconf 85' lang='lat' dir='ltr'>videri</span> <span class='ocrx_word' id='word_1_104' title='bbox 352 1570 487 1646; x_wconf 86' lang='lat' dir='ltr'>poterat.</span> <span class='ocrx_word' id='word_1_105' title='bbox 520 1561 697 1627; x_wconf 80' lang='lat' dir='ltr'>Caeterum</span> <span class='ocrx_word' id='word_1_106' title='bbox 720 1571 830 1629; x_wconf 84' lang='lat' dir='ltr'>noster</span> <span class='ocrx_word' id='word_1_107' title='bbox 851 1585 980 1649; x_wconf 92' lang='lat' dir='ltr'>quoque</span> <span class='ocrx_word' id='word_1_108' title='bbox 1002 1572 1131 1631; x_wconf 83' lang='lat' dir='ltr'>textum</span> <span class='ocrx_word' id='word_1_109' title='bbox 1153 1587 1251 1631; x_wconf 89' lang='lat' dir='ltr'>suum</span> <span class='ocrx_word' id='word_1_110' title='bbox 1272 1586 1333 1650; x_wconf 92' lang='lat' dir='ltr'>pro</span> 
     </span>
     <span class='ocr_line' id='line_1_14' title="bbox 91 1646 714 1732; baseline -0.008 -16"><span class='ocrx_word' id='word_1_111' title='bbox 91 1649 284 1716; x_wconf 75' lang='lat' dir='ltr'>authentico</span> <span class='ocrx_word' id='word_1_112' title='bbox 306 1647 534 1732; x_wconf 84' lang='lat' dir='ltr'>Oomplntensi</span> <span class='ocrx_word' id='word_1_113' title='bbox 556 1646 714 1714; x_wconf 86' lang='lat' dir='ltr'>venditat.</span> 
     </span>
    </p>
   </div>
   <div class='ocr_carea' id='block_1_7' title="bbox 247 1859 1181 1934">
    <p class='ocr_par' dir='ltr' id='par_1_7' title="bbox 247 1859 1181 1934">
     <span class='ocr_line' id='line_1_15' title="bbox 247 1859 1181 1934; baseline -0.002 -14"><span class='ocrx_word' id='word_1_114' title='bbox 247 1860 324 1920; x_wconf 54' lang='lat'>30!</span> <span class='ocrx_word' id='word_1_115' title='bbox 366 1859 547 1918; x_wconf 76' lang='lat' dir='ltr'>Pssssvn</span> <span class='ocrx_word' id='word_1_116' title='bbox 564 1863 643 1934; x_wconf 76' lang='lat' dir='ltr'>epod</span> <span class='ocrx_word' id='word_1_117' title='bbox 661 1863 837 1919; x_wconf 67' lang='lat' dir='ltr'>Ambrosium</span> <span class='ocrx_word' id='word_1_118' title='bbox 857 1863 995 1920; x_wconf 74' lang='lat' dir='ltr'>Amiroei.</span> <span class='ocrx_word' id='word_1_119' title='bbox 1027 1860 1118 1920; x_wconf 81' lang='lat'><strong>1835.</strong></span> <span class='ocrx_word' id='word_1_120' title='bbox 1153 1861 1181 1919; x_wconf 88' lang='lat'>8.</span> 
     </span>
    </p>
   </div>
   <div class='ocr_carea' id='block_1_8' title="bbox 89 1993 1334 3526">
    <p class='ocr_par' dir='ltr' id='par_1_8' title="bbox 89 1993 1334 3526">
     <span class='ocr_line' id='line_1_16' title="bbox 181 1993 1332 2080; baseline 0.001 -19"><span class='ocrx_word' id='word_1_121' title='bbox 181 1993 344 2079; x_wconf 82' lang='lat' dir='ltr'>Synopsis</span> <span class='ocrx_word' id='word_1_122' title='bbox 365 2002 506 2077; x_wconf 85' lang='lat' dir='ltr'>quatuor</span> <span class='ocrx_word' id='word_1_123' title='bbox 527 1995 772 2079; x_wconf 86' lang='lat' dir='ltr'>evangeliorum</span> <span class='ocrx_word' id='word_1_124' title='bbox 792 1994 1037 2080; x_wconf 76' lang='lat' dir='ltr'>graeco-latina,</span> <span class='ocrx_word' id='word_1_125' title='bbox 1069 1993 1157 2060; x_wconf 89' lang='lat' dir='ltr'>edita</span> <span class='ocrx_word' id='word_1_126' title='bbox 1178 2014 1198 2058; x_wconf 84' lang='lat' dir='ltr'>a</span> <span class='ocrx_word' id='word_1_127' title='bbox 1224 1995 1257 2062; x_wconf 88' lang='lat' dir='ltr'>J.</span> <span class='ocrx_word' id='word_1_128' title='bbox 1287 1998 1332 2062; x_wconf 90' lang='lat' dir='ltr'>A.</span> 
     </span>
     <span class='ocr_line' id='line_1_17' title="bbox 91 2080 1334 2165; baseline 0 -17"><span class='ocrx_word' id='word_1_129' title='bbox 91 2080 318 2148; x_wconf 83' lang='lat' dir='ltr'>Rotermundt</span> <span class='ocrx_word' id='word_1_130' title='bbox 346 2080 501 2146; x_wconf 88' lang='lat' dir='ltr'>eooleeiae</span> <span class='ocrx_word' id='word_1_131' title='bbox 523 2082 750 2147; x_wconf 87' lang='lat' dir='ltr'>Passaviensis</span> <span class='ocrx_word' id='word_1_132' title='bbox 778 2081 933 2147; x_wconf 86' lang='lat' dir='ltr'>eanonioo</span> <span class='ocrx_word' id='word_1_133' title='bbox 960 2089 995 2145; x_wconf 92' lang='lat' dir='ltr'>et</span> <span class='ocrx_word' id='word_1_134' title='bbox 1021 2080 1108 2165; x_wconf 83' lang='lat' dir='ltr'>lyaei</span> <span class='ocrx_word' id='word_1_135' title='bbox 1135 2089 1271 2161; x_wconf 78' lang='lat' dir='ltr'>restore,</span> <span class='ocrx_word' id='word_1_136' title='bbox 1298 2090 1334 2148; x_wconf 86' lang='lat' dir='ltr'>et</span> 
     </span>
     <span class='ocr_line' id='line_1_18' title="bbox 92 2165 1333 2251; baseline 0.002 -18"><span class='ocrx_word' id='word_1_137' title='bbox 92 2168 176 2234; x_wconf 78' lang='lat' dir='ltr'>satis</span> <span class='ocrx_word' id='word_1_138' title='bbox 196 2165 356 2251; x_wconf 75' lang='lat' dir='ltr'>singulari</span> <span class='ocrx_word' id='word_1_139' title='bbox 374 2166 470 2231; x_wconf 90' lang='lat' dir='ltr'>modo</span> <span class='ocrx_word' id='word_1_140' title='bbox 492 2169 694 2233; x_wconf 86' lang='lat' dir='ltr'>oonoinnata.</span> <span class='ocrx_word' id='word_1_141' title='bbox 729 2167 908 2250; x_wconf 89' lang='lat' dir='ltr'>Perioopae</span> <span class='ocrx_word' id='word_1_142' title='bbox 929 2166 1054 2233; x_wconf 87' lang='lat' dir='ltr'>soilieet</span> <span class='ocrx_word' id='word_1_143' title='bbox 1070 2167 1248 2251; x_wconf 84' lang='lat' dir='ltr'>parallelae</span> <span class='ocrx_word' id='word_1_144' title='bbox 1265 2190 1333 2235; x_wconf 92' lang='lat' dir='ltr'>non</span> 
     </span>
     <span class='ocr_line' id='line_1_19' title="bbox 92 2251 1334 2339; baseline 0 -19"><span class='ocrx_word' id='word_1_145' title='bbox 92 2253 266 2339; x_wconf 80' lang='lat' dir='ltr'>synoptioo</span> <span class='ocrx_word' id='word_1_146' title='bbox 286 2251 344 2318; x_wconf 89' lang='lat' dir='ltr'>sed</span> <span class='ocrx_word' id='word_1_147' title='bbox 367 2253 470 2318; x_wconf 84' lang='lat' dir='ltr'>altere</span> <span class='ocrx_word' id='word_1_148' title='bbox 492 2252 586 2318; x_wconf 85' lang='lat' dir='ltr'>elteri</span> <span class='ocrx_word' id='word_1_149' title='bbox 608 2253 774 2319; x_wconf 81' lang='lat' dir='ltr'>subiectae</span> <span class='ocrx_word' id='word_1_150' title='bbox 803 2253 1011 2334; x_wconf 82' lang='lat' dir='ltr'>exhihentur,</span> <span class='ocrx_word' id='word_1_151' title='bbox 1040 2253 1131 2337; x_wconf 86' lang='lat' dir='ltr'>ipsae</span> <span class='ocrx_word' id='word_1_152' title='bbox 1158 2254 1195 2318; x_wconf 93' lang='lat' dir='ltr'>in</span> <span class='ocrx_word' id='word_1_153' title='bbox 1221 2255 1334 2338; x_wconf 88' lang='lat' dir='ltr'>plures</span> 
     </span>
     <span class='ocr_line' id='line_1_20' title="bbox 92 2337 1333 2424; baseline 0.002 -19"><span class='ocrx_word' id='word_1_154' title='bbox 92 2360 195 2424; x_wconf 83' lang='lat' dir='ltr'>quam</span> <span class='ocrx_word' id='word_1_155' title='bbox 216 2339 324 2406; x_wconf 83' lang='lat' dir='ltr'>solent</span> <span class='ocrx_word' id='word_1_156' title='bbox 344 2339 524 2423; x_wconf 83' lang='lat' dir='ltr'>particulas</span> <span class='ocrx_word' id='word_1_157' title='bbox 546 2339 736 2423; x_wconf 89' lang='lat' dir='ltr'>disoerptae‚</span> <span class='ocrx_word' id='word_1_158' title='bbox 760 2347 794 2404; x_wconf 91' lang='lat' dir='ltr'>et</span> <span class='ocrx_word' id='word_1_159' title='bbox 814 2339 928 2404; x_wconf 88' lang='lat' dir='ltr'>ordine</span> <span class='ocrx_word' id='word_1_160' title='bbox 949 2360 1035 2404; x_wconf 89' lang='lat' dir='ltr'>novo</span> <span class='ocrx_word' id='word_1_161' title='bbox 1055 2337 1234 2424; x_wconf 89' lang='lat' dir='ltr'>eodemque</span> <span class='ocrx_word' id='word_1_162' title='bbox 1261 2362 1333 2407; x_wconf 86' lang='lat' dir='ltr'>ma·</span> 
     </span>
     <span class='ocr_line' id='line_1_21' title="bbox 93 2424 1334 2509; baseline 0.002 -18"><span class='ocrx_word' id='word_1_163' title='bbox 93 2427 187 2491; x_wconf 84' lang='lat' dir='ltr'>xime</span> <span class='ocrx_word' id='word_1_164' title='bbox 209 2424 382 2491; x_wconf 85' lang='lat' dir='ltr'>arbitrario</span> <span class='ocrx_word' id='word_1_165' title='bbox 409 2437 442 2490; x_wconf 89' lang='lat' dir='ltr'>et</span> <span class='ocrx_word' id='word_1_166' title='bbox 462 2424 669 2491; x_wconf 90' lang='lat' dir='ltr'>inoommodo</span> <span class='ocrx_word' id='word_1_167' title='bbox 683 2424 876 2508; x_wconf 14' lang='lat' dir='ltr'>*dispositae</span> <span class='ocrx_word' id='word_1_168' title='bbox 906 2426 954 2490; x_wconf 87' lang='lat' dir='ltr'>ita</span> <span class='ocrx_word' id='word_1_169' title='bbox 981 2433 1020 2490; x_wconf 93' lang='lat' dir='ltr'>ut</span> <span class='ocrx_word' id='word_1_170' title='bbox 1047 2447 1090 2491; x_wconf 94' lang='lat' dir='ltr'>ne</span> <span class='ocrx_word' id='word_1_171' title='bbox 1119 2425 1179 2491; x_wconf 90' lang='lat' dir='ltr'>uni</span> <span class='ocrx_word' id='word_1_172' title='bbox 1201 2424 1334 2509; x_wconf 82' lang='lat' dir='ltr'>quidem</span> 
     </span>
     <span class='ocr_line' id='line_1_22' title="bbox 93 2511 1334 2597; baseline 0.001 -19"><span class='ocrx_word' id='word_1_173' title='bbox 93 2511 318 2596; x_wconf 85' lang='lat' dir='ltr'>evangelistae</span> <span class='ocrx_word' id='word_1_174' title='bbox 335 2532 417 2577; x_wconf 85' lang='lat' dir='ltr'>suus</span> <span class='ocrx_word' id='word_1_175' title='bbox 436 2511 565 2596; x_wconf 85' lang='lat' dir='ltr'>integer</span> <span class='ocrx_word' id='word_1_176' title='bbox 581 2516 731 2578; x_wconf 83' lang='lat' dir='ltr'>servatus</span> <span class='ocrx_word' id='word_1_177' title='bbox 753 2512 804 2577; x_wconf 89' lang='lat' dir='ltr'>sit.</span> <span class='ocrx_word' id='word_1_178' title='bbox 835 2511 985 2596; x_wconf 80' lang='lat' dir='ltr'>Singulis</span> <span class='ocrx_word' id='word_1_179' title='bbox 1007 2513 1169 2596; x_wconf 88' lang='lat' dir='ltr'>perioopis</span> <span class='ocrx_word' id='word_1_180' title='bbox 1186 2514 1334 2597; x_wconf 87' lang='lat' dir='ltr'>plurium</span> 
     </span>
     <span class='ocr_line' id='line_1_23' title="bbox 93 2595 1334 2665; baseline 0.002 -2"><span class='ocrx_word' id='word_1_181' title='bbox 93 2598 256 2664; x_wconf 86' lang='lat' dir='ltr'>librorum</span> <span class='ocrx_word' id='word_1_182' title='bbox 289 2605 417 2662; x_wconf 86' lang='lat' dir='ltr'>textum</span> <span class='ocrx_word' id='word_1_183' title='bbox 450 2598 667 2663; x_wconf 85' lang='lat' dir='ltr'>referentibus</span> <span class='ocrx_word' id='word_1_184' title='bbox 700 2595 831 2662; x_wconf 87' lang='lat' dir='ltr'>additur</span> <span class='ocrx_word' id='word_1_185' title='bbox 863 2597 1036 2664; x_wconf 88' lang='lat' dir='ltr'>harmonia</span> <span class='ocrx_word' id='word_1_186' title='bbox 1065 2599 1168 2664; x_wconf 88' lang='lat' dir='ltr'>latina</span> <span class='ocrx_word' id='word_1_187' title='bbox 1200 2601 1236 2664; x_wconf 92' lang='lat' dir='ltr'>in</span> <span class='ocrx_word' id='word_1_188' title='bbox 1257 2620 1334 2665; x_wconf 90' lang='lat' dir='ltr'>eum</span> 
     </span>
     <span class='ocr_line' id='line_1_24' title="bbox 91 2681 1334 2767; baseline 0 -17"><span class='ocrx_word' id='word_1_189' title='bbox 91 2685 193 2750; x_wconf 83' lang='lat' dir='ltr'>linem</span> <span class='ocrx_word' id='word_1_190' title='bbox 219 2684 402 2767; x_wconf 85' lang='lat' dir='ltr'>oonsoripta</span> <span class='ocrx_word' id='word_1_191' title='bbox 423 2691 463 2748; x_wconf 89' lang='lat' dir='ltr'>ut</span> <span class='ocrx_word' id='word_1_192' title='bbox 483 2684 590 2748; x_wconf 90' lang='lat' dir='ltr'>omnis</span> <span class='ocrx_word' id='word_1_193' title='bbox 615 2681 821 2749; x_wconf 84' lang='lat' dir='ltr'>diversorum</span> <span class='ocrx_word' id='word_1_194' title='bbox 839 2693 993 2749; x_wconf 89' lang='lat' dir='ltr'>autorum</span> <span class='ocrx_word' id='word_1_195' title='bbox 1011 2683 1232 2767; x_wconf 86' lang='lat' dir='ltr'>disorepantia</span> <span class='ocrx_word' id='word_1_196' title='bbox 1256 2706 1334 2752; x_wconf 86' lang='lat' dir='ltr'>eva·</span> 
     </span>
     <span class='ocr_line' id='line_1_25' title="bbox 94 2768 1333 2854; baseline 0.001 -17"><span class='ocrx_word' id='word_1_197' title='bbox 94 2776 219 2837; x_wconf 72' lang='lat' dir='ltr'>neaera</span> <span class='ocrx_word' id='word_1_198' title='bbox 247 2770 288 2834; x_wconf 96' lang='lat' dir='ltr'>In</span> <span class='ocrx_word' id='word_1_199' title='bbox 307 2769 456 2854; x_wconf 88' lang='lat' dir='ltr'>margine</span> <span class='ocrx_word' id='word_1_200' title='bbox 472 2777 608 2834; x_wconf 86' lang='lat' dir='ltr'>notatur</span> <span class='ocrx_word' id='word_1_201' title='bbox 624 2770 767 2835; x_wconf 83' lang='lat' dir='ltr'>varietas</span> <span class='ocrx_word' id='word_1_202' title='bbox 783 2769 934 2836; x_wconf 85' lang='lat' dir='ltr'>leotionis</span> <span class='ocrx_word' id='word_1_203' title='bbox 952 2769 1023 2835; x_wconf 88' lang='lat' dir='ltr'>edd.</span> <span class='ocrx_word' id='word_1_204' title='bbox 1043 2768 1206 2852; x_wconf 77' lang='lat' dir='ltr'>Stephani</span> <span class='ocrx_word' id='word_1_205' title='bbox 1217 2770 1333 2838; x_wconf 82' lang='lat' dir='ltr'>Griee-</span> 
     </span>
     <span class='ocr_line' id='line_1_26' title="bbox 92 2854 1333 2939; baseline 0.001 -16"><span class='ocrx_word' id='word_1_206' title='bbox 92 2855 204 2923; x_wconf 84' lang='lat' dir='ltr'>baohii</span> <span class='ocrx_word' id='word_1_207' title='bbox 229 2855 391 2921; x_wconf 78' lang='lat' dir='ltr'>Matthaei</span> <span class='ocrx_word' id='word_1_208' title='bbox 418 2854 562 2922; x_wconf 78' lang='lat' dir='ltr'>Soholnii</span> <span class='ocrx_word' id='word_1_209' title='bbox 584 2863 618 2920; x_wconf 88' lang='lat' dir='ltr'>et</span> <span class='ocrx_word' id='word_1_210' title='bbox 639 2855 856 2922; x_wconf 80' lang='lat' dir='ltr'>Lachmanni.</span> <span class='ocrx_word' id='word_1_211' title='bbox 896 2857 1040 2922; x_wconf 70' lang='lat' dir='ltr'>Textum</span> <span class='ocrx_word' id='word_1_212' title='bbox 1068 2857 1178 2939; x_wconf 91' lang='lat' dir='ltr'>ipsum</span> <span class='ocrx_word' id='word_1_213' title='bbox 1202 2866 1274 2923; x_wconf 84' lang='lat' dir='ltr'>tam</span> <span class='ocrx_word' id='word_1_214' title='bbox 1296 2859 1333 2924; x_wconf 93' lang='lat' dir='ltr'>in</span> 
     </span>
     <span class='ocr_line' id='line_1_27' title="bbox 94 2940 1333 3025; baseline 0.002 -17"><span class='ocrx_word' id='word_1_215' title='bbox 94 2944 204 3008; x_wconf 81' lang='lat' dir='ltr'>fronte</span> <span class='ocrx_word' id='word_1_216' title='bbox 225 2941 300 3008; x_wconf 89' lang='lat' dir='ltr'>libri</span> <span class='ocrx_word' id='word_1_217' title='bbox 322 2963 420 3025; x_wconf 90' lang='lat' dir='ltr'>quam</span> <span class='ocrx_word' id='word_1_218' title='bbox 441 2943 477 3006; x_wconf 91' lang='lat' dir='ltr'>in</span> <span class='ocrx_word' id='word_1_219' title='bbox 499 2940 700 3025; x_wconf 84' lang='lat' dir='ltr'>praefatione</span> <span class='ocrx_word' id='word_1_220' title='bbox 722 2943 903 3025; x_wconf 88' lang='lat' dir='ltr'>genuinum</span> <span class='ocrx_word' id='word_1_221' title='bbox 928 2940 1196 3025; x_wconf 86' lang='lat' dir='ltr'>Oomplutensem</span> <span class='ocrx_word' id='word_1_222' title='bbox 1218 2965 1254 3009; x_wconf 89' lang='lat' dir='ltr'>se</span> <span class='ocrx_word' id='word_1_223' title='bbox 1280 2966 1333 3010; x_wconf 88' lang='lat' dir='ltr'>re·</span> 
     </span>
     <span class='ocr_line' id='line_1_28' title="bbox 93 3025 1332 3113; baseline 0.001 -18"><span class='ocrx_word' id='word_1_224' title='bbox 93 3030 183 3096; x_wconf 82' lang='lat' dir='ltr'>ferre</span> <span class='ocrx_word' id='word_1_225' title='bbox 204 3029 347 3108; x_wconf 80' lang='lat' dir='ltr'>affirmat</span> <span class='ocrx_word' id='word_1_226' title='bbox 369 3026 481 3103; x_wconf 86' lang='lat' dir='ltr'>editor,</span> <span class='ocrx_word' id='word_1_227' title='bbox 501 3027 558 3094; x_wconf 88' lang='lat' dir='ltr'>sed</span> <span class='ocrx_word' id='word_1_228' title='bbox 580 3027 672 3106; x_wconf 85' lang='lat' dir='ltr'>falso,</span> <span class='ocrx_word' id='word_1_229' title='bbox 695 3025 911 3110; x_wconf 90' lang='lat' dir='ltr'>quodminus</span> <span class='ocrx_word' id='word_1_230' title='bbox 932 3029 1038 3092; x_wconf 86' lang='lat' dir='ltr'>fraudi</span> <span class='ocrx_word' id='word_1_231' title='bbox 1060 3050 1159 3110; x_wconf 87' lang='lat' dir='ltr'>quam</span> <span class='ocrx_word' id='word_1_232' title='bbox 1176 3029 1332 3113; x_wconf 89' lang='lat' dir='ltr'>ignoran-</span> 
     </span>
     <span class='ocr_line' id='line_1_29' title="bbox 93 3112 1331 3196; baseline 0 -15"><span class='ocrx_word' id='word_1_233' title='bbox 93 3115 162 3181; x_wconf 83' lang='lat' dir='ltr'>tiae</span> <span class='ocrx_word' id='word_1_234' title='bbox 181 3114 326 3180; x_wconf 91' lang='lat' dir='ltr'>hominis</span> <span class='ocrx_word' id='word_1_235' title='bbox 347 3112 557 3180; x_wconf 90' lang='lat' dir='ltr'>tribuendum</span> <span class='ocrx_word' id='word_1_236' title='bbox 579 3113 719 3179; x_wconf 86' lang='lat' dir='ltr'>videtur.</span> <span class='ocrx_word' id='word_1_237' title='bbox 753 3114 817 3178; x_wconf 85' lang='lat' dir='ltr'>Est</span> <span class='ocrx_word' id='word_1_238' title='bbox 838 3115 925 3178; x_wconf 87' lang='lat' dir='ltr'>enirn</span> <span class='ocrx_word' id='word_1_239' title='bbox 946 3116 1015 3178; x_wconf 87' lang='lat' dir='ltr'>fere</span> <span class='ocrx_word' id='word_1_240' title='bbox 1036 3114 1158 3196; x_wconf 89' lang='lat' dir='ltr'>ubique</span> <span class='ocrx_word' id='word_1_241' title='bbox 1168 3115 1331 3182; x_wconf 83' lang='lat' dir='ltr'>Plautini-</span> 
     </span>
     <span class='ocr_line' id='line_1_30' title="bbox 94 3198 1332 3285; baseline 0.001 -18"><span class='ocrx_word' id='word_1_242' title='bbox 94 3222 188 3267; x_wconf 84' lang='lat' dir='ltr'>anus.</span> <span class='ocrx_word' id='word_1_243' title='bbox 222 3198 315 3268; x_wconf 77' lang='lat' dir='ltr'>Seiae</span> <span class='ocrx_word' id='word_1_244' title='bbox 337 3221 379 3265; x_wconf 82' lang='lat' dir='ltr'>ex</span> <span class='ocrx_word' id='word_1_245' title='bbox 400 3200 520 3285; x_wconf 85' lang='lat' dir='ltr'>viginti</span> <span class='ocrx_word' id='word_1_246' title='bbox 542 3209 669 3284; x_wconf 87' lang='lat' dir='ltr'>septem</span> <span class='ocrx_word' id='word_1_247' title='bbox 691 3200 770 3265; x_wconf 88' lang='lat' dir='ltr'>loeis</span> <span class='ocrx_word' id='word_1_248' title='bbox 792 3200 826 3263; x_wconf 92' lang='lat' dir='ltr'>in</span> <span class='ocrx_word' id='word_1_249' title='bbox 849 3199 969 3282; x_wconf 91' lang='lat' dir='ltr'>quibus</span> <span class='ocrx_word' id='word_1_250' title='bbox 991 3200 1195 3264; x_wconf 86' lang='lat' dir='ltr'>Plantinieni</span> <span class='ocrx_word' id='word_1_251' title='bbox 1213 3201 1289 3267; x_wconf 90' lang='lat' dir='ltr'>libri</span> <span class='ocrx_word' id='word_1_252' title='bbox 1312 3224 1332 3268; x_wconf 85' lang='lat' dir='ltr'>a</span> 
     </span>
     <span class='ocr_line' id='line_1_31' title="bbox 91 3285 1332 3372; baseline 0 -17"><span class='ocrx_word' id='word_1_253' title='bbox 91 3286 321 3371; x_wconf 84' lang='lat' dir='ltr'>Oomplutensi</span> <span class='ocrx_word' id='word_1_254' title='bbox 342 3285 519 3372; x_wconf 84' lang='lat' dir='ltr'>arohetypo</span> <span class='ocrx_word' id='word_1_255' title='bbox 541 3285 713 3352; x_wconf 76' lang='lat' dir='ltr'>discedunt</span> <span class='ocrx_word' id='word_1_256' title='bbox 738 3286 775 3350; x_wconf 93' lang='lat' dir='ltr'>in</span> <span class='ocrx_word' id='word_1_257' title='bbox 797 3285 976 3370; x_wconf 81' lang='lat' dir='ltr'>evangeliis</span> <span class='ocrx_word' id='word_1_258' title='bbox 998 3295 1149 3352; x_wconf 88' lang='lat' dir='ltr'>nostrum</span> <span class='ocrx_word' id='word_1_259' title='bbox 1178 3287 1277 3354; x_wconf 85' lang='lat' dir='ltr'>vioies</span> <span class='ocrx_word' id='word_1_260' title='bbox 1298 3296 1332 3355; x_wconf 84' lang='lat' dir='ltr'>et</span> 
     </span>
     <span class='ocr_line' id='line_1_32' title="bbox 89 3372 1329 3526; baseline -0.002 -84"><span class='ocrx_word' id='word_1_261' title='bbox 89 3375 144 3442; x_wconf 89' lang='lat' dir='ltr'>his</span> <span class='ocrx_word' id='word_1_262' title='bbox 164 3373 277 3526; x_wconf 48' lang='grc' dir='ltr'>ἰΙΙοεἐν</span> <span class='ocrx_word' id='word_1_263' title='bbox 272 3372 446 3457; x_wconf 87' lang='lat' dir='ltr'>quinquies</span> <span class='ocrx_word' id='word_1_264' title='bbox 467 3379 598 3438; x_wconf 85' lang='lat' dir='ltr'>tantum</span> <span class='ocrx_word' id='word_1_265' title='bbox 628 3373 692 3440; x_wconf 91' lang='lat' dir='ltr'>hoo</span> <span class='ocrx_word' id='word_1_266' title='bbox 721 3380 899 3456; x_wconf 87' lang='lat' dir='ltr'>sequutum</span> <span class='ocrx_word' id='word_1_267' title='bbox 927 3393 1008 3438; x_wconf 88' lang='lat' dir='ltr'>esse.</span> <span class='ocrx_word' id='word_1_268' title='bbox 1053 3375 1107 3452; x_wconf 89' lang='lat' dir='ltr'>(A.</span> <span class='ocrx_word' id='word_1_269' title='bbox 1139 3375 1167 3438; x_wconf 78' lang='lat'>2.</span> <span class='ocrx_word' id='word_1_270' title='bbox 1201 3378 1248 3440; x_wconf 84' lang='lat'>16.</span> <span class='ocrx_word' id='word_1_271' title='bbox 1280 3377 1329 3442; x_wconf 75' lang='lat'>24.</span> 
     </span>
    </p>
   </div>
   <div class='ocr_carea' id='block_1_9' title="bbox 0 0 1504 5024">
    <p class='ocr_par' dir='ltr' id='par_1_9' title="bbox 0 0 1504 5024">
     <span class='ocr_line' id='line_1_33' title="bbox 0 0 1504 5024; baseline 0 0"><span class='ocrx_word' id='word_1_272' title='bbox 0 0 1504 5024; x_wconf 95' lang='lat' dir='ltr'> </span> 
     </span>
    </p>
   </div>
  </div>
 </body>
</html>
