3000 5024
594 197 792 257 sumeres
809 199 964 258 DUBIAE:¹

277 464 305 525 3.
327 461 581 524 ANTVERPIAE
602 482 636 523 eo
656 467 772 534 officina
792 466 987 523 Plautianum.
1011 465 1102 530 1590.
1131 466 1165 535 8.

184 596 283 666 Hane
311 599 362 665 Le
390 598 541 685 Longius
573 608 723 666 reoeuset
755 599 845 664 nullo
878 605 960 665 teste
988 599 1132 681 laudato,
1160 608 1234 685 post
1260 623 1336 667 eum

93 682 278 765 Masohius,
307 685 364 769 qui
391 692 502 752 tamen
529 686 690 767 observat,
718 686 913 751 Plautinum
943 687 1052 770 ipsum
1080 706 1119 752 eo
1151 707 1237 752 auno
1270 688 1337 754 iam

94 770 167 836 vita
187 771 337 838 lunatum
359 772 459 838 luisse
488 771 622 854 eiusque
644 794 801 857 generum
824 773 871 837 Io.
894 773 1061 838 Moretum
1084 781 1154 838 tum
1176 774 1335 857 temporis

94 857 375 942 Autverpiensem
397 859 559 924 officinam
586 861 738 925 tenuisse.
784 858 861 943 Ipse
883 878 956 924 eam
978 881 1140 943 nusquam
1170 868 1334 925 terrarum

95 943 244 1027 reperire
272 945 366 1028 potui
393 952 427 1010 et
448 966 549 1028 quum
571 965 609 1009 eo
631 947 700 1028 ipso
723 966 810 1010 anuo
832 945 979 1029 Vulgata
1006 946 1108 1011 latina
1136 967 1177 1012 ex
1205 947 1335 1012 offioiua

93 1028 311 1096 Plautiuiaua
347 1031 515 1115 prodierit,
554 1032 691 1098 fortasse
729 1031 870 1115 aliquem
902 1053 1048 1099 errorem
1080 1031 1133 1099 hio
1164 1033 1335 1116 irrepsisse

94 1116 259 1200 suspicari
280 1117 417 1184 liouorit

94 1326 123 1388 4.
169 1326 353 1388 LUGDUNI
391 1331 458 1386 Bas.
497 1347 531 1386 aa
570 1330 701 1421 officina
724 1330 911 1474 Plrgatim'ana
947 1333 1027 1403 apud
1065 1329 1128 1407 Olor.
1166 1331 1334 1404 Raphelouq.

650 1420 741 1476 1609.
788 1463 795 1478 .

181 1548 279 1615 Hane
305 1550 394 1616 solus
416 1551 466 1616 Le
488 1549 640 1633 Longius
660 1560 808 1616 recenset
829 1571 859 1634 p.
885 1553 945 1619 216
974 1550 1067 1635 quasi
1094 1571 1171 1616 ase
1197 1552 1334 1619 Parisiis

94 1634 209 1716 visam,
243 1643 279 1700 et
305 1637 584 1722 graeco-latinam.
636 1637 722 1703 Meis
750 1637 853 1703 oeulis
881 1636 939 1702 illa
968 1659 1003 1702 se
1032 1636 1138 1703 adhue
1168 1638 1332 1704 subduxit.

94 1719 185 1803 Quid
206 1722 236 1786 si
257 1722 489 1793 Geuevensem
510 1723 648 1791 Roverii
676 1722 821 1789 eiusdem
851 1724 929 1787 anui
960 1725 1060 1790 fuisse
1089 1725 1333 1806 eouieoerimus,

93 1807 198 1889 ipsam
221 1830 348 1894 quoque
369 1811 413 1875 iu'
427 1817 523 1875 textu
545 1819 578 1875 et
600 1809 751 1876 versione
773 1809 1036 1875 Plantiuiauam‘?

321 2040 349 2100 5.
371 2037 660 2096 AMSTELODAMI
682 2058 727 2112 ap.
749 2042 789 2096 Io.
813 2040 940 2095 Ianaaoa.
966 2037 1057 2098 16³0.
1081 2037 1110 2098 8.

177 2169 273 2236 Inter
304 2171 533 2239 Elzevirianas
562 2171 674 2257 plures
696 2173 928 2236 Iaussouianas
956 2170 1141 2236 habuimus.
1185 2170 1335 2239 anteris

95 2255 142 2322 Le
171 2256 333 2344 Longius,
367 2260 460 2343 isque
489 2259 586 2339 solus,
612 2258 796 2343 praemittit
827 2257 914 2323 hano
942 2257 1037 2325 euius
1063 2257 1146 2322 mihi
1173 2280 1334 2341 nusquam

96 2343 185 2428 eopia
205 2344 276 2426 fuit,
300 2345 330 2410 si
350 2345 484 2428 quidem
505 2366 541 2410 ro
564 2367 643 2412 vera
664 2343 838 2411 exstiterit

341 2614 345 2622 .
452 2558 481 2619 e.
503 2556 799 2615 enarmonium.
831 2557 920 2648 1643.
943 2556 971 2617 a.

178 2690 278 2757 Solus
306 2691 392 2758 hano
420 2702 569 2759 recenset
590 2693 641 2758 Le
664 2693 815 2777 Longius
837 2689 1038 2777 typographi
1067 2711 1187 2756 nomeu
1208 2697 1331 2758 tacens.

96 2775 160 2842 Sed
187 2799 290 2860 quum
312 2778 419 2844 Bezae
452 2781 638 2846 versionem
668 2779 787 2844 adesse
816 2779 911 2858 dieat,
940 2786 973 2843 et
1006 2800 1026 2842 a
1053 2799 1088 2844 se
1115 2777 1186 2861 ipso
1214 2779 1330 2858 visam,

94 2885 127 2930 re
154 2884 236 2931 vera
267 2871 396 2929 exstare
429 2885 494 2930 non
517 2866 717 2950 negaverim.
773 2864 959 2930 Habuimus
987 2864 1088 2929 talem
1120 2863 1330 2929 Amsteloda-
1384 2883 1387 2888 ·

94 2970 237 3017 mensem
268 2972 384 3035 graeoo
412 2951 550 3017 latinam
578 2973 605 3016 a.
640 2955 719 3013 1647
745 2958 778 3016 et
806 2952 944 3017 fortasse
972 2950 1025 3016 hio
1047 2951 1117 3033 ipse
1138 2951 1248 3034 potius
1271 2973 1330 3015 an-

93 3057 153 3104 nus
175 3037 383 3121 reponendus
405 3039 468 3104 erit
488 3040 525 3104 iu
546 3038 663 3104 notitia
685 3038 809 3103 autoris
826 3058 926 3120 supra
945 3035 1080 3102 laudati.

467 3252 494 3311 7.
515 3249 795 3310 STREONESIAE.
820 3250 911 3311 1777.
935 3249 964 3310 8.

175 3385 274 3451 Hane
303 3383 373 3450 siue
403 3392 486 3449 teste
515 3391 664 3450 recenset
686 3384 858 3450 Masohius
885 3405 916 3466 p.
941 3385 1002 3444 250
1028 3381 1117 3467 typis
1139 3380 1328 3447 maiusoulis

89 3480 122 3538 et
144 3471 259 3536 nitidis
288 3492 442 3536 excusam
465 3471 585 3536 diosus.
631 3472 726 3536 Tales
749 3472 848 3535 etiam
869 3476 965 3534 eraut
984 3469 1020 3533 iu
1047 3468 1190 3533 editione
1217 3468 1326 3549 priore

87 3556 330 3642 Streguesiaua
352 3580 380 3622 a.
410 3562 497 3619 1758.
549 3556 634 3620 Mihi
657 3558 698 3622 V.
721 3557 764 3621 D.
788 3556 1022 3622 Hultorauzius
1050 3576 1108 3637 per
1134 3553 1256 3620 literas.
1274 3576 1326 3618 re-

86 3645 272 3726 nuuoiavit,
295 3645 328 3708 iu
352 3642 548 3708 bibliotheca
565 3642 753 3725 Upsaliousi
775 3645 810 3707 iu
832 3663 930 3726 quam
953 3663 994 3706 ex
1016 3641 1089 3725 lege
1106 3640 1235 3724 publiea
1257 3661 1326 3704 oru-

83 3752 148 3798 nes
178 3731 215 3795 iu
244 3729 365 3797 Suooia
394 3730 545 3812 impressi
574 3729 649 3794 libri
680 3729 797 3795 referri
824 3729 952 3808 debent,
983 3726 1111 3792 nullam
1139 3726 1326 3810 Str-agnosi-

84 3838 187 3884 anam
209 3816 385 3882 editionem
409 3814 446 3879 N.
470 3817 507 3881 h.
531 3823 662 3880 exstare
690 3823 824 3900 praeter
853 3835 925 3880 eam
952 3835 1050 3899 quam
1073 3814 1154 3898 Cap.
1175 3813 1237 3878 XI.
1261 3815 1275 3896 §
1300 3816 1327 3876 7.

84 3905 130 3970 ad
163 3923 191 3968 a.
227 3907 307 3965 1758
341 3903 500 3966 recensui.
522 3921 531 3938 ³
551 3902 639 3966 Hine
671 3903 812 3985 suspioio
850 3901 932 3965 mihi
963 3901 1042 3967 oriri
1074 3899 1201 3978 debuit,
1240 3898 1326 3963 haue

85 3989 278 4070 secundam,
302 3989 331 4054 si
360 4009 423 4072 qua
450 3990 558 4070 fuerit,
588 4009 655 4052 non
682 3989 748 4052 uisi
773 3988 869 4054 titulo
882 4009 912 4053 'a
933 3988 1038 4072 priori
1060 3987 1222 4055 diversam
1244 4005 1325 4051 esse.

441 4217 469 4282 8.
492 4216 866 4280 CONSTANTINOPOLI.
891 4216 982 4278 1810.

179 4353 293 4421 Talem
316 4352 492 4421 editionem
514 4361 644 4422 exstare
665 4353 760 4421 facile
781 4352 860 4418 olim
887 4351 972 4418 mihi
998 4346 1146 4435 persuasi
1166 4369 1268 4432 quum
1289 4349 1326 4414 in

90 4444 165 4527 ipso
190 4442 286 4507 titulo
308 4441 460 4508 editionis
481 4441 656 4508 bibliorum
673 4440 880 4523 Musqueusis
897 4461 924 4504 a.
952 4440 1027 4526 1821
1052 4434 1147 4520 (Oap.
1158 4435 1220 4501 XI.
1243 4438 1258 4520 8
1285 4438 1326 4520 1.)

88 4528 243 4613 legerim:
266 4527 282 4606 ἡ
304 4526 389 4607 καινή
419 4533 451 4591 ἐκ
476 4531 529 4611 τῆς
560 4533 623 4592 κατ’
654 4527 835 4612 ἐπεκύρωσεν
862 4527 912 4590 τοῦ
930 4527 981 4604 τῆς
1002 4521 1326 4596 Κωνσταντινοπόλεως

88 4615 278 4703 πατριάρχου
290 4617 438 4702 Κυρίλλου
456 4614 601 4690 ἐκδόσεως
624 4616 681 4679 ἔτει
703 4615 775 4707 qus'
796 4620 956 4699 γενομένης.
989 4608 1086 4696 Quod
1107 4632 1269 4696 nusquam
1289 4609 1324 4674 in

140 4722 236 4771 Reuss,
252 4721 308 4762 atel.
321 4719 380 4762 Novi
393 4720 487 4764 restam.
501 4722 580 4770 graeei.
1090 4711 1123 4770 18
