3000 5024
102 252 132 308 11
371 255 565 314 rumonus
583 257 1068 356 8111181118-1188811811818.
1146 235 1149 246 ’
1275 261 1334 321 185

102 426 240 495 editoris
261 428 387 497 obitum
408 429 612 513 impressam,
635 431 677 497 ad
699 431 792 498 cuius
809 431 909 497 fidem
929 431 969 496 de
990 436 1085 496 textu
1103 430 1211 514 operis
1228 428 1335 496 retuli.

101 513 261 581 Gaeteras
283 538 325 582 cx
349 516 620 585 bibliothecarum
642 518 799 602 catalogis
822 525 953 583 exstare
975 515 1083 596 didici,
1105 517 1153 583 ita
1173 526 1211 582 ut
1232 538 1275 582 ne
1297 514 1337 582 de

100 622 242 669 numero
262 602 394 688 quidem
415 603 499 668 mihi
520 611 654 671 constet.

292 813 369 873 71.1
413 815 781 892 OXONIIotypopropboo
802 817 967 877 8888811188.
1002 814 1091 873 1834.
1122 813 1149 872 8.

189 949 374 1016 Harmonia
403 951 608 1036 evangelica,
643 951 713 1017 sive
741 955 881 1033 quatuor
909 949 1083 1033 evangelia
1111 968 1245 1033 graece,
1279 969 1337 1031 pro

100 1036 259 1119 temporis
282 1041 315 1100 et
336 1058 448 1101 rerum
470 1038 554 1102 scric
576 1036 750 1102 distributa
773 1036 876 1100 edidit
899 1036 985 1101 Edu.
1005 1033 1167 1101 Greswell
1185 1032 1220 1099 S.
1240 1035 1277 1098 Τ.
1296 1035 1335 1099 Β.

98 1121 294 1189 Editionem
320 1122 498 1189 secumdam
525 1123 605 1190 dicit
631 1124 763 1200 titulus,
793 1121 851 1188 sed
877 1123 1004 1205 primae
1031 1121 1173 1198 natales,
1208 1127 1338 1186 tacente

99 1209 229 1275 monito
249 1209 476 1293 praeliminari
503 1216 536 1276 et
562 1210 635 1275 aliis
657 1209 810 1275 subsidiis
838 1210 971 1274 omnino
999 1208 1226 1274 deficientibus
1253 1206 1339 1272 indi·

99 1314 178 1361 care
199 1314 335 1378 nequeo.
380 1296 506 1361 Textus
528 1296 700 1362 Millianus
727 1297 907 1381 genuinae,
935 1297 969 1359 in
997 1296 1171 1360 innumera
1199 1293 1339 1359 frustula

100 1381 296 1465 discerptus,
318 1385 550 1469 πιχομετρικῶς
571 1383 764 1467 plerumque
791 1382 827 1446 in
855 1403 915 1446 sua
937 1383 990 1448 vel
1012 1381 1150 1446 minima
1177 1379 1340 1445 elementa

99 1467 284 1546 resolutus,
313 1489 376 1550 quo
398 1469 582 1536 accuratius
604 1466 847 1554 aequiparata
868 1475 1041 1551 appareat,
1071 1474 1105 1531 et
1133 1467 1253 1548 ubique
1279 1486 1340 1550 per

98 1555 200 1622 binas
221 1553 391 1620 columnas
413 1555 602 1638 disponitur,
631 1556 730 1620 etiam
758 1555 816 1620 ubi
844 1553 936 1620 nulla
957 1574 1137 1639 synopseos
1153 1553 1250 1618 ¹ratio
1279 1553 1339 1618 ha·

99 1639 212 1709 banda
234 1647 314 1718 erat,
338 1661 397 1724 per
418 1651 594 1724 quaternas
611 1663 701 1720 vero,
724 1643 876 1708 binarum
900 1642 1095 1725 paginarum
1116 1640 1233 1706 faciem
1256 1639 1339 1705 obti-

101 1732 231 1807 nentes,
253 1727 309 1794 ubi
330 1728 433 1793 trium
454 1727 508 1795 vel
530 1736 671 1812 quatuor
693 1728 852 1794 librorum
879 1729 1019 1792 materia
1047 1735 1119 1792 erat
1142 1725 1338 1791 exhibenda.

101 1812 201 1894 Quae
234 1814 345 1878 omnia
377 1813 463 1880 male
491 1815 677 1899 excogitata
716 1814 877 1895 nimisque
907 1815 1037 1880 8811888
1068 1812 1201 1880 18818118
1229 1810 1340 1878 studia

102 1899 292 1983 impediunt
317 1900 425 1983 potius
453 1922 551 1983 quam
581 1901 748 1966 adiuvant.
794 1899 969 1966 Caeterum
998 1899 1196 1986 typographi
1223 1919 1340 1981 operae

103 2007 201 2053 suam
221 1984 352 2051 laudem
374 2007 442 2051 non
465 1987 708 2072 denegabimus.

192 2072 382 2138 Editionem
404 2073 553 2155 quintam
572 2095 600 2139 a.
630 2077 706 2136 1856
730 2071 897 2138 laudatam
925 2072 1068 2155 reperio,
1096 2091 1213 2138 verum
1236 2092 1340 2154 neque

102 2158 194 2225 hanc
214 2179 319 2244 neque
339 2157 552 2226 intermedias
575 2158 652 2227 vidi.

284 2371 359 2430 73.1
402 2371 772 2446 οΧ011Π8188888881188
789 2372 954 2428 academico.
987 2368 1076 2428 1836.
1111 2369 1157 2426 ta.

191 2503 303 2572 Editio
324 2504 478 2571 Milliana
505 2526 590 2589 pura
618 2503 694 2571 duci
721 2525 781 2569 suo
809 2505 977 2571 fidissima.
1023 2506 1148 2570 Textus
1172 2504 1259 2571 binis
1288 2527 1340 2573 c0·

99 2591 228 2659 lumuis
249 2612 433 2675 expressus,
456 2590 629 2659 versiculis
649 2590 823 2658 distinctis.
870 2592 1036 2657 Praefatio
1060 2591 1153 2658 adest
1174 2592 1274 2658 nulla.

263 2768 356 2861 raa'
380 2802 540 2861 8111818)
559 2812 589 2860 a
606 2805 649 2860 aa
666 2805 817 2876 888888
830 2821 919 2879 aaa.
952 2803 1042 2862 1881.
1073 2804 1127 2861 81.
1160 2802 1187 2859 8.

192 2936 322 3003 Prodiit
350 2937 430 3003 haec
456 2935 554 3002 editio
580 2937 856 3022 graeco-anglica
888 2957 968 3004 cura
997 2945 1030 3002 et
1057 2935 1165 3003 studio
1193 2935 1342 3001 1111881111

103 3022 274 3091 Oardwell
294 3023 479 3108 theologiae
501 3023 642 3090 doctoris
670 3025 726 3106 qni
753 3023 915 3091 delectum
937 3023 1138 3090 variantium
1165 3023 1342 3089 leotiouum

103 3131 127 3176 a
149 3109 366 3177 Grieshaohio
386 3116 558 3176 niutuatus
579 3110 649 3176 loca
670 3110 828 3193 parallelo
848 3110 992 3194 margini
1014 3110 1189 3192 adscripsit
1210 3114 1244 3173 ct
1264 3129 1342 3173 oon-

103 3195 293 3263 eordantias
321 3217 455 3282 graecars
483 3197 666 3263 subiunxit.
719 3199 844 3263 Textus
878 3198 981 3262 forma
1013 3196 1161 3278 proxime
1194 3194 1235 3259 ad
1269 3215 1342 3260 eam

103 3281 233 3350 aceedit
261 3305 359 3367 quam
387 3284 424 3348 in
452 3283 667 3349 Burtonianis
698 3282 791 3348 libris
819 3281 994 3348 habuimus
1022 3302 1160 3365 quorum
1186 3282 1342 3347 lectiones

104 3389 222 3436 omnes
243 3369 363 3436 adsunt
385 3378 515 3454 praeter
538 3375 699 3448 8118111(’ξ.
725 3373 790 3448 27),
813 3377 884 3434 tum
906 3370 1004 3435 etiam
1028 3375 1053 3448 ξ.
1080 3375 1127 3433 ll.
1152 3370 1199 3433 17.

352 3580 428 3640 181
470 3581 643 3653 18811811,
662 3583 760 3656 rapu
777 3583 921 3651 88188.
952 3580 1042 3638 1881.
1070 3579 1098 3636 8.

193 3713 383 3781 Editionem
400 3715 486 3780 hanc
502 3714 727 3780 Burtonianae
750 3714 892 3781 similem
914 3713 1092 3796 eademque
1113 3712 1222 3796 paullo
1244 3713 1344 3778 etiam

105 3799 363 3884 splendidiorem
391 3801 521 3868 curavit
553 3799 644 3865 Guil.
674 3801 827 3883 Trullcpe
859 3802 1023 3883 professor
1058 3798 1135 3864 olim
1168 3798 1342 3865 Cantabri-

133 3888 232 3954 ‘eneis
253 3888 312 3970 qui
333 3886 374 3954 de
395 3908 454 3954 suo
470 3886 622 3953 breviora
635 3886 767 3965 scholia,
791 3886 936 3953 tabulam
959 3886 1222 3971 chronologicam
1244 3894 1277 3950 et
1291 3887 1342 3951 in-

133 3974 197 4040 'ces
225 3973 359 4040 addidit.
409 3975 554 4039 (lextum
586 3994 627 4038 ex
661 3973 804 4039 editione
836 3972 1023 4058 Lloydiana
1055 3973 1272 4055 desumpsisse
1306 3995 1341 4038 se

105 4066 251 4127 testatur
271 4061 477 4144 paucissimis
498 4061 633 4125 mutatis
656 4062 705 4136 (18
725 4060 1000 4142 88881811-118888
1021 4061 1201 4138 1118188888),
1224 4080 1341 4124 verum

104 4146 194 4215 libro
204 4148 387 4214 accuratius
404 4148 552 4230 inspecto
569 4154 720 4211 nostrum
738 4146 896 4211 editorem
915 4147 1032 4211 8181118
1043 4145 1194 4211 Μ11118118
1212 4144 1342 4229 longius

106 4232 277 4301 discedere
298 4233 441 4301 vidimus
462 4252 561 4316 quam
584 4233 755 4315 quisquam
777 4233 861 4298 alius
882 4254 923 4297 ex
947 4232 1007 4299 hac
1029 4233 1121 4310 88118,
1150 4232 1196 4295 118
1217 4239 1342 4296 utnon

105 4319 183 4388 sine
214 4340 315 4388 causa
351 4341 394 4385 an
423 4319 485 4386 hoo
513 4319 583 4384 loco
617 4319 687 4384 eius
720 4319 841 4383 mentio
874 4318 1023 4383 facienda
1055 4319 1098 4382 sit
1131 4317 1340 4402 ambigerem.

105 4406 223 4474 Habet
243 4408 330 4471 enim
352 4425 419 4472 non
439 4404 545 4471 solum
566 4405 790 4470 Burtonianae
819 4404 974 4471 lectiones
1003 4425 1132 4484 omnes,
1163 4404 1219 4469 sed
1241 4404 1342 4470 etiam

106 4499 139 4573 ξ.
161 4497 207 4559 11.
233 4496 280 4556 15.
307 4497 353 4556 17.
381 4499 427 4557 19.
451 4492 485 4557 111
508 4491 626 4574 quibus
647 4498 726 4556 sunt
747 4489 924 4558 Oardwelli
946 4491 1096 4574 proxime
1117 4488 1342 4575 praecedentis

105 4578 203 4659 duae,
224 4585 397 4663 practerea
417 4598 592 4644 numerum
613 4599 680 4642 non
701 4597 841 4660 parvum
862 4577 1000 4643 aliarum
1028 4598 1112 4660 quae
1141 4598 1161 4641 a
1181 4576 1342 4643 Millianis

104 4663 205 4735 libris
223 4665 357 4733 omnino
378 4663 505 4733 alienae
523 4674 610 4746 sunt,
632 4685 779 4751 quaeque
800 4663 869 4731 fere
890 4663 979 4751 apud
999 4663 1201 4733 recentiores
1213 4669 1355 4729 tantum
