3000 5024
700 256 818 316 CAPUT
836 259 937 316 XXIV.

356 433 424 502 (iol.
449 436 477 513 2,
502 437 530 499 2.
554 433 603 512 (Z.
629 436 677 497 67.
701 438 741 497 Λ.
766 437 816 496 34.
840 434 873 497 Σ.
899 437 955 506 46)
979 432 1052 496 θεοῦ
1073 426 1186 515 πατρὸς
1208 430 1258 494 tori
1279 431 1341 516 Χρ.

356 521 458 586 Hebr.
484 525 512 599 4,
537 523 564 586 2.
590 520 636 596 (J.
662 522 732 584 222.
758 519 797 583 Θ.
824 522 899 596 196)
922 523 1195 602 συγκεκερασμένος.

573 783 639 865 qs.
684 776 846 845 sumo
866 776 1056 843 ANGERI.

331 991 383 1050 8.*
425 988 580 1047 LIPSIAE
598 992 729 1047 sumtibus
747 990 1109 1049 GebhordietReiabmdi
1146 985 1236 1048 1852.
1272 986 1304 1047 8.

287 1123 451 1208 Synopsis
478 1123 737 1208 Evangeliorum
770 1123 930 1188 Matthaei
964 1122 1069 1188 Maroi
1102 1122 1214 1187 Luoae
1247 1141 1323 1186 eum
1355 1118 1435 1185 loeis

200 1231 284 1294 quae
306 1215 484 1294 supersunt
505 1208 671 1294 parallelis
693 1209 864 1274 literarum
885 1217 918 1274 et
940 1207 1154 1273 traditionum
1172 1205 1435 1289 evangelioarum

200 1297 337 1362 Irenaeo
359 1296 577 1379 antiquiorum
602 1294 839 1370 (additamento
860 1294 896 1358 in
915 1293 1034 1359 talibus
1051 1292 1143 1358 libris
1162 1299 1259 1358 antea
1276 1291 1435 1357 inusitato

200 1382 258 1450 sed
280 1381 467 1459 utilissimo)
491 1381 532 1446 ad
555 1380 768 1447 Griesbaohii
783 1381 930 1448 ordinem
952 1380 1168 1458 ooneinnavit,
1192 1376 1432 1462 prolegomena,

200 1469 355 1534 selectam
388 1468 568 1550 scripturae
603 1468 811 1546 varietatem,
845 1475 938 1532 notas
971 1474 1005 1531 et
1038 1464 1161 1531 indioes
1195 1462 1313 1530 adieoit
1344 1463 1429 1529 Rud.

200 1555 323 1639 Anger,
345 1554 508 1637 professor
530 1575 635 1638 nuper
655 1553 837 1636 Lipsiensis
868 1552 1016 1617 dootrina
1037 1552 1091 1617 vel
1119 1553 1204 1618 inter
1224 1570 1346 1633 pauoos
1368 1549 1433 1614 ola·

200 1640 361 1718 rissimus,
385 1639 531 1722 mihique
554 1638 859 1705 desideratissimus.

286 1727 428 1790 Textum
444 1725 625 1808 desumpsit
642 1723 747 1790 editor
765 1746 783 1790 o
800 1725 987 1791 reeensione
999 1721 1435 1790 Griesbaehio·Sohulaiana

200 1832 227 1877 a.
255 1815 332 1877 1827
364 1811 519 1895 evulgata
545 1833 619 1877 oum
649 1833 713 1894 qua
741 1813 776 1875 in
804 1811 884 1877 loeis
911 1815 973 1874 953
1005 1811 1176 1876 eonsentit.
1226 1808 1268 1873 In
1296 1809 1435 1875 eaeteris

198 1897 269 1965 fere
300 1897 534 1964 recentioribus
568 1897 688 1964 oritiois
721 1917 839 1980 nempe
871 1896 1087 1962 Lachmanno
1120 1901 1154 1961 et
1184 1892 1435 1962 'l'isehondorfio

200 1983 428 2067 adstipulatur,
457 1983 511 2050 vel
539 1983 731 2068 simpliciter
756 1996 868 2049 eorum
897 1981 1060 2066 scriptura
1092 1986 1223 2066 reoepta
1256 1980 1373 2057 (vicies
1402 1986 1436 2046 et

199 2071 395 2153 quinquies),
418 2069 469 2135 vel
492 2069 609 2134 saltem
632 2070 829 2135 unoinorum
850 2089 910 2151 ope
932 2089 1046 2133 eorum
1067 2066 1188 2132 iudioio
1205 2066 1436 2134 commendato

199 2155 305 2222 deoies
328 2166 361 2220 et
382 2155 507 2237 ooties).
545 2154 688 2238 Reliqua
710 2162 787 2220 sunt
807 2155 1017 2220 lllzeviriana
1038 2155 1096 2219 vix
1118 2159 1299 2218 memoratu
1322 2150 1435 2238 digna,

199 2262 303 2308 unum
324 2241 462 2324 denique
484 2261 622 2307 novum:
647 2242 748 2307 Maro.
775 2246 802 2319 ³,
827 2245 876 2306 32.
900 2240 956 2320 (G.
977 2244 1033 2317 52)
1053 2239 1116 2307 hoo
1137 2238 1252 2305 ordine
1274 2239 1436 2322 seriptum

197 2329 376 2412 reperitur:
398 2330 450 2391 καὶ
470 2330 502 2390 αἱ
524 2323 657 2409 ἀδελφαί
676 2351 729 2390 ooo
753 2330 804 2390 nul
826 2329 854 2389 oi
876 2323 924 2390 oid.

467 2589 481 2669 q
505 2589 532 2649 5,
578 2582 740 2650 nermo
763 2581 1160 2650 woaoswoarfln.

482 2793 535 2853 a*
577 2792 749 2866 noanon,
767 2795 951 2866 aratam.
989 2794 1078 2854 reor.
1115 2795 1142 2854 4.

284 2925 414 2991 Novum
427 2927 675 2992 Testamentum
696 2947 812 3010 graeoe
834 2949 911 3002 oum
926 2927 1188 2993 annotationibus
1200 2925 1278 2992 ohr.
1292 2927 1436 2994 Words-

196 3011 312 3092 worth,
335 3012 484 3079 oanonioi
506 3011 817 3078 Westminstoriani.
851 3012 946 3097 Opus
968 3019 1108 3097 quatuor
1131 3012 1353 3080 voluminibus
1376 3015 1436 3080 ab·

197 3096 356 3178 solutum,
387 3097 472 3182 quod
500 3104 613 3162 tamen
648 3120 715 3164 non
746 3100 914 3183 integrum
947 3098 1032 3182 apud
1066 3121 1119 3165 me
1149 3105 1264 3165 exstat.
1308 3100 1437 3166 Textui

196 3183 366 3268 splendide
389 3206 508 3252 exouso
531 3184 749 3250 subiiciuntur
771 3186 894 3252 sehoha
923 3192 1080 3269 exparte
1103 3186 1232 3266 oritiea,
1261 3191 1297 3250 ut
1324 3185 1435 3268 pluri-

198 3291 289 3337 mum
306 3278 415 3335 tamen
431 3270 627 3355 philologiae
638 3279 671 3336 et
681 3271 889 3356 apologetioa,
904 3272 1162 3355 praemittuntur
1172 3269 1437 3339 introduotiones

199 3355 293 3422 varia
311 3355 457 3422 dootrina
474 3357 613 3422 refertae
625 3379 741 3423 verum
758 3359 951 3442 plerumque
969 3356 1154 3423 homiletioo
1174 3357 1249 3423 stilo
1266 3363 1436 3425 exaratae.

196 3441 273 3524 Ipse
301 3449 425 3521 textus,
460 3450 619 3525 quantum
652 3465 695 3508 ex
728 3445 768 3511 iis
805 3445 954 3527 partibus
982 3465 1062 3527 quas
1089 3443 1249 3527 inspicere
1282 3445 1436 3530 oontigit,

197 3526 310 3592 videre
331 3529 431 3610 potui,
456 3529 495 3593 ad
509 3529 726 3610 Griesbaohii,
748 3530 957 3596 Laohmanni
979 3538 1012 3594 et
1028 3529 1264 3596 Tisohendorlii
1287 3529 1437 3597 rationes

198 3613 419 3680 oonformatus
441 3621 491 3679 est
513 3623 546 3680 et
567 3617 633 3680 fere
656 3616 774 3699 ubique
797 3617 986 3682 alterutrius
1008 3616 1124 3681 horum
1148 3616 1335 3683 oritimrum
1360 3638 1437 3682 ves-

199 3699 281 3783 tigia
302 3699 391 3784 legit,
414 3701 559 3784 exeeptis
582 3709 694 3767 tamen
715 3702 756 3767 iis
777 3702 856 3768 loeis
878 3702 912 3767 in
936 3702 1054 3785 quibus
1083 3702 1214 3769 traditio
1237 3700 1437 3786 dogmatioa,

199 3785 293 3851 ouius
316 3786 395 3851 satis
417 3794 516 3852 tenax
539 3796 588 3852 ost
607 3788 720 3866 editor,
744 3799 888 3855 veterem
909 3788 1155 3855 Elaevirianum
1177 3786 1439 3856 commendabat.

438 4049 451 4129 ς
476 4049 503 4110 a.
549 4044 711 4113 ammo
735 4045 1192 4114 Haemimontum.

300 4257 373 4317 lu*
415 4257 569 4314 LIPSIAE
587 4261 719 4315 samtebas
736 4269 763 4315 et
779 4263 850 4333 typis
870 4259 963 4318 Caroli
983 4262 1146 4317 Tamaricii.
1180 4258 1269 4320 1861.
1306 4261 1337 4321 8.

286 4389 414 4455 'l'itulus
435 4391 510 4457 libri
532 4391 688 4457 editorem
711 4394 885 4476 profitetur
896 4394 1086 4478 Augustum
1107 4391 1218 4473 Hahn,
1242 4392 1438 4480 theologum

199 4475 483 4543 Vratislavensem
506 4478 734 4557 olarissimum,
757 4501 823 4545 non
846 4479 892 4545 ita
914 4477 1041 4563 pridem
1064 4478 1126 4544 hao
1144 4480 1213 4544 vita
1230 4478 1436 4560 defunctum,

198 4563 254 4646 qui
275 4563 342 4628 iam
366 4563 441 4628 olim
466 4564 578 4630 eodem
601 4565 807 4650 typographo
829 4573 1024 4649 procurante
1047 4564 1221 4632 nonnullas
1242 4565 1284 4633 N.
1304 4567 1343 4632 Τ.
1368 4566 1437 4634 edi·

81 4668 85 4674 ’
187 4649 297 4718 tiones
320 4651 540 4740 evulgaverat
562 4672 643 4741 quas
665 4673 767 4741 supra
785 4652 873 4719 iuter
894 4651 1111 4738 Knappiauas
1132 4651 1240 4719 retuli.
1275 4653 1322 4719 Et
1345 4674 1436 4737 sane,
