3000 5024
655 244 775 304 CAPUT
792 245 843 301 XL

366 504 383 588 e
406 509 435 571 e.
478 503 733 574 numerus
754 502 1130 573 nuusnuumunu

140 768 146 775 ,
219 691 361 759 Ioannes
383 692 591 760 Leusdeuius
611 695 782 760 literarum
800 692 1027 759 hebraicarum
1050 699 1084 760 et
1104 692 1314 760 orientalium
1330 695 1368 760 in

134 777 301 844 academia
322 780 510 855 Traiectina
529 781 702 865 professor,
722 780 780 846 ubi
802 779 889 846 diem
906 800 1098 865 supremum
1119 778 1202 846 obiit
1218 801 1247 845 a
1274 783 1366 861 1699,

134 863 292 948 musque
312 886 411 950 opera
431 868 546 934 critica
561 873 597 932 et
612 866 777 952 isagogica
799 866 878 931 olim
895 865 1086 933 nonnullius
1103 866 1246 932 nominis
1263 865 1366 945 fuere,

133 950 280 1035 primum
313 952 490 1018 editionem
517 953 558 1018 V.
589 955 626 1020 ¹1¹.
655 953 803 1020 hebraici
833 961 1067 1036 procuraverat
1097 952 1171 1019 illes
1204 949 1369 1018 duntaxat

135 1036 316 1104 versiculos
344 1039 556 1106 exhibentem
588 1038 706 1123 quibus
738 1060 852 1106 omnes
883 1045 918 1105 et
948 1039 1098 1124 singulae
1130 1059 1226 1105 voees
1269 1037 1367 1103 lexiei

134 1123 353 1204 eontinentur,
377 1146 458 1208 quos
475 1125 600 1192 scilicet
617 1147 693 1192 cum
715 1126 751 1190 in
772 1127 874 1191 linem
891 1125 1055 1210 selegerat
1067 1129 1106 1191 ut
1125 1124 1250 1190 tirones
1267 1124 1367 1190 lexici

135 1211 308 1275 materiam
336 1217 439 1276 tetam
470 1212 601 1278 facilius
628 1213 788 1278 memoria
813 1212 956 1278 retinere
984 1210 1199 1278 addhmeub
1249 1209 1367 1278 Simile

135 1294 257 1378 aliquid
285 1317 346 1363 nec
372 1298 481 1362 minus
510 1297 685 1365 ridiculum
715 1298 915 1383 excogitauit
940 1317 1001 1381 pro
1033 1296 1230 1364 adiuvandis
1256 1297 1298 1365 N.
1327 1298 1367 1363 'll

134 1380 261 1448 studiis.
305 1383 476 1449 Dictiones
502 1383 620 1450 codicis
649 1383 751 1449 totius
780 1405 851 1450 esse
879 1386 962 1446 4938
991 1382 1220 1466 deprehendit,
1247 1383 1294 1448 in'
1312 1382 1368 1453 hir

133 1468 235 1534 semel
256 1477 464 1536 occurrentes
489 1475 568 1533 1686
575 1495 584 1551 ;
614 1470 649 1535 in
670 1469 842 1536 versiculis
868 1475 978 1535 autem
1005 1469 1096 1535 mille
1122 1475 1156 1534 et
1181 1475 1366 1554 nongentos

133 1555 270 1636 reperiri
288 1556 343 1639 qui
365 1576 477 1621 omnes
499 1557 539 1620 N.
562 1557 598 1621 Φ.
630 1577 725 1622 voees
746 1558 944 1622 contineant.
989 1555 1061 1621 Hes
1081 1556 1184 1640 igitur
1210 1556 1365 1623 asterisco

135 1637 306 1706 distinctos
327 1641 357 1707 si
378 1643 451 1725 quis
473 1641 586 1708 sedulo
607 1641 767 1720 didicerit,
790 1641 898 1707 aiebat
917 1643 971 1709 vir
994 1661 1151 1722 summus,
1179 1641 1236 1707 ille
1259 1648 1366 1708 caete·

132 1745 188 1791 ros
211 1730 293 1790 6059
314 1728 493 1794 versiculos
511 1726 663 1812 deinceps
679 1728 833 1794 facillimo
850 1729 982 1812 negotio
1000 1727 1117 1794 disecti
1151 1728 1262 1812 Atque
1282 1729 1366 1794 haec

133 1831 212 1878 sane
233 1812 270 1877 in
291 1815 431 1898 gratiam
452 1815 511 1877 τῶν
533 1813 771 1898 praetereunter.
817 1812 848 1880 Ο
869 1813 979 1880 felices
1000 1813 1181 1898 scripturae
1201 1814 1365 1898 interpre-

132 1904 183 1964 tes
200 1899 230 1963 si
246 1898 336 1966 huuc
353 1901 520 1966 tramitem
538 1900 667 1984 sequuti
684 1922 755 1966 rem
777 1921 872 1965 suam
894 1899 1048 1983 expedire
1064 1899 1242 1966 maluerint
1264 1920 1365 1983 quam

132 1984 270 2051 infinitis
292 1985 405 2052 litibus
434 1987 581 2052 intricati
602 1986 644 2051 ad
665 1986 753 2052 hune
775 2007 881 2069 usque
902 1985 989 2051 diem
1016 1984 1057 2050 de
1079 1985 1168 2051 omni
1194 2006 1231 2051 re
1259 1985 1367 2053 scibili

132 2069 315 2154 disputarel
351 2070 419 2138 Sed
440 2072 494 2138 his
512 2069 579 2137 non
601 2079 773 2139 contentus
794 2071 883 2137 idem
904 2072 939 2137 in
961 2070 1106 2137 secunda
1126 2070 1269 2137 editione
1291 2071 1365 2138 aliis

132 2155 237 2240 signis
259 2177 339 2224 usus
361 2158 491 2224 inistis
514 2163 596 2224 1900
618 2158 788 2224 versieulis
803 2154 849 2223 'ea
872 2157 1027 2225 vocabula
1053 2157 1183 2222 notavit
1204 2179 1288 2241 quae
1310 2158 1364 2226 vel

131 2238 213 2321 ἅπαξ
231 2241 372 2324 λεγόμενα
395 2250 506 2310 essent
532 2244 587 2310 vel
609 2243 732 2329 pluries
752 2250 968 2310 occurrerent
1014 2241 1112 2324 Quod
1139 2249 1365 2309 commentum

131 2326 212 2394 adeo
235 2329 393 2413 suffragia
414 2330 655 2413 magistrorum,
677 2329 789 2397 nescio
808 2351 852 2395 au
873 2335 907 2395 et
928 2329 1083 2409 tironum,
1108 2328 1186 2394 tulit
1208 2335 1246 2395 ut
1266 2330 1365 2395 multi

131 2413 283 2498 deinceps
305 2436 382 2481 suas
405 2414 564 2482 editiones
587 2416 629 2481 ad
646 2416 732 2483 hane
754 2413 929 2482 secundam
946 2414 1213 2482 Leusdenianam
1235 2415 1364 2481 confor-

130 2509 268 2566 marent.
313 2502 426 2584 Neque
448 2503 510 2568 hoe
532 2502 648 2568 ultimo
675 2501 746 2567 loco
768 2500 957 2585 ponendum
984 2502 1014 2566 si
1035 2500 1076 2566 de
1097 2522 1213 2567 caussa
1240 2503 1365 2586 recepti

130 2607 189 2670 per
210 2597 323 2653 omnes
345 2593 449 2654 terras
470 2594 582 2654 textus
604 2588 807 2654 Elzeviriaui
828 2593 1012 2671 quaeratur.
1056 2587 1144 2654 Nam
1170 2588 1228 2654 ubi
1250 2586 1291 2653 de
1313 2594 1364 2652 ta·

129 2672 216 2739 libus
239 2674 337 2739 anxie
359 2673 490 2741 solliciti
512 2680 591 2740 sunt
614 2672 753 2740 editores
776 2693 848 2739 rem
869 2674 1018 2740 criticam
1039 2672 1227 2758 neglectum
1253 2673 1297 2740 iri
1326 2673 1364 2738 in

131 2765 244 2843 aperto
265 2767 325 2827 est.

231 2997 306 3056 re*
348 2995 590 3058 munimem
609 3014 643 3057 a
659 2998 775 3070 efisae
796 2999 863 3054 ce.
880 2995 1034 3070 scaea
1067 2995 1157 3058 rere.
1197 2993 1244 3057 re.

215 3155 328 3222 Editio
349 3157 528 3224 Leusdenii
556 3157 709 3242 princeps
730 3176 813 3239 quae
832 3161 965 3222 tantum
986 3156 1148 3223 asteriscis
1169 3152 1361 3235 uersiculos,

129 3262 195 3308 non
217 3240 366 3309 crucibus
385 3243 515 3328 singula
535 3243 695 3311 voeabula
716 3248 819 3307 notat
851 3242 1067 3309 Paucioribus
1088 3248 1167 3307 nota
1186 3240 1288 3305 fuisse
1311 3239 1362 3308 vi·

130 3327 235 3408 detur,
265 3329 302 3394 ei.
326 3329 513 3396 Meschium
537 3331 571 3394 in
594 3328 840 3414 supplementis,
869 3328 1030 3394 Goezium
1056 3328 1102 3395 II.
1135 3331 1183 3392 15.
1235 3327 1363 3392 Textus

129 3413 171 3479 ad
198 3421 327 3479 sextam
348 3415 591 3482 Eluevirianam
618 3435 792 3499 expressus
813 3414 951 3480 mutatis
973 3412 1099 3480 duobus
1119 3412 1200 3478 loeis
1226 3420 1251 3478 1.
1283 3411 1360 3479 (lor.

133 3504 180 3580 15,
204 3505 253 3566 31.
277 3506 311 3565 et
333 3501 407 3568 Gal.
431 3508 459 3581 4,
486 3507 532 3565 17.
556 3500 613 3579 (Χ.
638 3502 763 3583 1128)
785 3499 1203 3566 contrementemBezae.

215 3603 357 3688 Magnas
384 3601 539 3687 ambages
572 3605 697 3670 creavit
727 3604 808 3670 viris
842 3602 946 3669 doctis
971 3601 1142 3684 exemplar
1168 3599 1254 3683 quod
1281 3600 1363 3666 olim

128 3690 236 3754 fuerat
257 3691 293 3754 in
314 3689 407 3756 libris
429 3686 499 3774 Sig.
523 3690 589 3755 Iao.
611 3689 864 3774 Baumgartenii
887 3687 941 3773 (ef.
964 3687 1034 3753 eius
1056 3685 1177 3753 Nachr.
1200 3685 1262 3766 IV,
1282 3690 1362 3764 383)

128 3782 242 3860 postea
262 3776 289 3841 Ι.
313 3774 390 3840 Mel.
415 3774 528 3841 Goezii
551 3774 660 3858 (Vera.
682 3775 709 3840 I.
734 3779 783 3840 57.
806 3775 851 3840 H.
880 3779 943 3853 15),
965 3794 1054 3839 nune
1076 3779 1185 3838 autem
1206 3771 1242 3836 in
1264 3770 1362 3838 bibli·

128 3861 244 3928 otheca
265 3860 512 3946 Hamburgensi
534 3861 738 3940 adservetur,
758 3860 816 3927 ubi
837 3859 919 3927 illud
942 3859 1101 3925 curiosius
1117 3857 1258 3940 inspexi.
1304 3858 1361 3924 ui-

130 3946 218 4012 tulus
238 3954 289 4013 est
310 3946 397 4013 idem
425 3968 463 4013 ac
484 3948 564 4013 mei:
596 3947 637 4012 N.
669 3947 705 4012 Τ.
732 3965 802 4013 cum
831 3945 1026 4012 distinetione
1051 3943 1277 4010 ceramum
1303 3945 1362 4026 qui

130 4053 234 4100 omues
258 4033 301 4100 N.
333 4035 368 4098 T.
396 4054 481 4099 emes
505 4034 665 4100 conticeat.
709 4031 839 4097 Nomen
865 4031 957 4097 urbis
984 4038 1018 4095 et
1044 4029 1253 4114 typographi,
1281 4029 1361 4094 anni

129 4139 296 4200 numerus,
319 4119 473 4203 utrinque
495 4118 609 4185 eadem
632 4118 750 4183 omnia.
781 4116 849 4184 Sed
866 4127 993 4184 caetera
1014 4114 1245 4197 diversissima.
1273 4115 1360 4181 Nos·

128 4211 218 4271 trum
249 4206 286 4270 in
319 4206 414 4272 titulo
449 4205 628 4289 imaginem
669 4204 829 4287 sphaerae
859 4202 1026 4268 terrestris
1058 4201 1193 4268 exhibet
1223 4222 1310 4284 quae
1341 4221 1361 4266 a

129 4291 293 4357 Goeniauo
311 4292 410 4358 abest.
444 4291 518 4357 Hoe
539 4296 668 4355 textum
688 4311 748 4374 per
764 4290 858 4356 binas
876 4289 1044 4354 columnas
1065 4287 1187 4367 scribit,
1209 4293 1361 4352 nomm

127 4377 224 4443 lineis
244 4378 399 4462 integris;
422 4376 582 4476 Goeaiam
602 4376 742 4460 paginae
766 4378 837 4456 611,
859 4375 965 4474 nostri
988 4379 1065 4474 3033
1093 4374 1160 4440 illie
1189 4377 1228 4436 36
1252 4371 1360 4474 lineae

127 4458 1361 4645 ddtlttttntultittd‘dthtffitffldttbffit

23 4710 29 4731 ἦ
123 4637 239 4701 Etiam
267 4634 398 4701 chartae
424 4635 530 4700 forma
556 4654 622 4700 nou
644 4633 758 4699 eedem
786 4632 926 4717 utrique.
970 4633 1025 4699 llx
1052 4632 1106 4700 his
1128 4630 1271 4699 eomes
1296 4631 1359 4699 ubi
