3000 5024
695 232 813 292 OAPU'I'
829 233 942 292 XXVII.

596 500 646 563 68.
690 499 866 560 LONDINL
900 499 992 562 1701.
1017 499 1046 561 8.

288 635 339 700 Le
361 633 512 719 Longius
534 633 685 700 adhunc
707 655 833 700 annum
850 632 932 698 duas
950 632 1179 699 Londinenses
1201 632 1351 703 diversae
1372 636 1442 702 for-

202 742 275 786 mae
313 728 531 802 recensuerat,
552 721 721 788 Maschius
751 739 872 789 novam
904 720 1047 804 aliquam
1079 719 1287 787 Hoolianam.
1344 720 1442 804 Quae

201 807 358 874 facillimo
388 807 519 893 negotio
546 808 717 874 concinent
744 809 773 873 si
800 805 843 872 ad
874 828 914 872 ea
947 829 1029 891 quae
1051 805 1132 890 (lap.
1154 806 1235 874 XII.
1264 810 1279 891 §
1304 813 1331 874 1.
1353 809 1397 876 N.
1422 815 1439 873 7

202 895 391 960 monuimus
414 892 612 961 adtenderis.

369 1050 374 1064 ’
474 1087 524 1147 66.
568 1087 716 1148 mcum.
748 1085 839 1149 rma.
864 1088 893 1150 a.
916 1046 1157 1165 alaeam.

644 1194 694 1254 ao.
737 1194 1001 1266 mammaeae.

289 1329 382 1394 Duas
404 1326 505 1393 huius
527 1327 605 1392 anni
635 1332 669 1392 et
696 1326 760 1393 loci
782 1325 945 1410 seditiones
973 1349 1053 1395 suae
1081 1326 1295 1394 bibliothecae
1322 1327 1445 1396 inserit

203 1414 382 1495 Meschius,
405 1415 543 1479 alteram
570 1435 662 1479 mere
690 1421 841 1498 graecam
862 1435 892 1497 p.
918 1417 989 1496 226,
1012 1436 1054 1481 ex
1083 1435 1150 1488 uno
1181 1421 1266 1482 teste
1292 1415 1443 1501 catalogo

201 1501 505 1587 Baumgarteniano
528 1506 690 1584 repetens,
719 1499 857 1566 alteram
886 1501 1159 1584 graeco-latinam
1180 1523 1211 1586 p.
1235 1505 1307 1584 318,
1328 1504 1443 1570 nesam

202 1588 291 1655 unde
312 1598 486 1672 repertam.
531 1587 680 1670 Utraque
700 1586 783 1651 mihi
799 1607 958 1670 perquam
980 1596 1142 1673 suspecta.
1182 1588 1364 1674 Oatalogus
1385 1589 1444 1655 illo

201 1674 312 1741 minus
345 1680 496 1742 accurate
535 1674 700 1740 confectus
733 1680 783 1738 est
816 1680 849 1738 et
880 1673 1133 1741 Bodmerianam
1163 1675 1317 1742 ultimam
1349 1697 1443 1743 mere

202 1783 353 1846 graecam
374 1783 402 1826 a.
419 1763 497 1822 1708
521 1781 620 1844 quam
638 1759 669 1824 b.
692 1780 859 1843 possessor
879 1760 950 1843 ipse
973 1761 1191 1846 descripserat
1211 1763 1248 1827 in
1269 1763 1291 1827 l.
1314 1763 1441 1830 Nachr.

202 1849 248 1912 Π.
274 1853 335 1910 475
357 1847 451 1914 velut
473 1846 654 1931 bilinguem
674 1852 832 1912 recenset.
877 1847 1033 1913 Fortasse
1063 1848 1201 1915 aderant
1227 1849 1265 1913 in
1291 1849 1441 1934 locuple·
1490 1858 1492 1867 '

203 1935 331 2000 tissima
353 1935 411 2000 illa
437 1932 636 2000 bibliotheca
664 1931 747 1998 duae
774 1932 932 1999 editiones
959 1934 1107 2000 eiusdem
1135 1936 1213 2001 anni
1235 1935 1443 2002 MDOOIIX

203 2021 265 2100 (sio
286 2021 374 2086 enim
396 2021 432 2085 in
451 2019 547 2085 titulo
569 2018 645 2085 libri
671 2018 840 2106 scribitur)
871 2041 952 2103 quas
981 2042 1081 2105 supra
1107 2021 1257 2090 recensui
1278 2021 1316 2088 0.
1337 2022 1402 2088 XI.
1427 2025 1442 2106 d

204 2109 232 2173 2.
255 2107 296 2174 N.
316 2111 366 2188 28,
390 2107 479 2173 etin
500 2105 765 2172 transscribendo
787 2127 926 2172 numero
949 2128 992 2172 ex
1014 2129 1124 2174 erroro
1145 2108 1287 2192 legentis
1308 2107 1384 2173 ΠΧ
1404 2109 1443 2174 in

203 2192 240 2258 H
267 2199 431 2259 mutatum
460 2199 519 2258 est.
565 2193 664 2260 Oerte
691 2199 821 2275 praeter
849 2193 939 2258 hunc
962 2194 1148 2280 catalogum
1175 2216 1290 2260 omnes
1316 2194 1443 2261 librum

201 2278 298 2344 illum
319 2281 473 2365 ignorant
495 2280 583 2344 etin
605 2281 677 2363 ipsa
699 2279 869 2345 Turicensi
890 2279 1085 2346 bibliotheca
1113 2282 1237 2347 frustra
1258 2280 1441 2365 quaeritur.

201 2366 234 2432 N
235 2370 398 2450 uperrime
416 2388 436 2431 a
451 2365 576 2431 Bechio
593 2365 767 2448 bibliopola
783 2365 1037 2452 Noerdlingensi
1053 2367 1311 2433 Bodmerianum
1333 2389 1444 2434 exem·

202 2453 277 2536 plar
298 2451 422 2519 redemi
443 2453 480 2517 in
497 2452 590 2518 cuius
608 2451 703 2517 titulo
722 2471 849 2516 annum
871 2456 950 2515 1602
968 2452 1033 2537 legi
1055 2454 1110 2519 ille
1132 2455 1326 2527 affirmabat.
1369 2455 1443 2521 Iam

201 2540 304 2604 istum
331 2538 472 2604 alterum
500 2537 557 2602 diu
587 2538 773 2622 quaesitum
801 2537 859 2604 sed
880 2539 1009 2604 saeculo
1031 2540 1161 2625 integro
1181 2540 1346 2606 iuniorem
1369 2548 1443 2607 tan·

203 2624 278 2690 dem
300 2645 353 2689 me
383 2624 635 2708 deprehendisse
664 2624 855 2708 gaudebam,
885 2646 988 2708 quum
1018 2637 1149 2711 accepto
1178 2627 1350 2694 volumine
1379 2650 1443 2694 nu·

201 2733 330 2777 merum
349 2711 473 2776 calamo
495 2710 655 2860 scpiptum
682 2709 824 2777 viderim
851 2711 888 2775 in
916 2712 1011 2778 titulo
1037 2714 1144 2780 lacero
1174 2713 1329 2781 editionis
1351 2713 1443 2782 Bod-

201 2799 368 2865 merianae
389 2819 417 2863 a.
444 2801 524 2860 1677

494 3010 544 3072 11.
587 3010 827 3071 nuunauacr.
862 3009 952 3069 1166.
969 3031 1015 3087 ap.
1035 3014 1147 3087 napa.

287 3163 360 3229 Iam
382 3162 547 3228 Lorchius
574 3160 694 3246 (Gatal.
723 3184 753 3246 p.
779 3163 835 3246 85)
857 3163 992 3229 titulum
1020 3164 1140 3230 falsum
1167 3163 1355 3248 suspicatus
1380 3174 1442 3249 est,

201 3271 298 3334 quem
320 3250 370 3315 Le
392 3249 541 3335 Longius
563 3270 606 3314 ex
627 3248 773 3314 Fabricii
800 3250 876 3316 bibl.
905 3273 953 3334 gr.
982 3271 1017 3316 se
1047 3250 1256 3336 descripsisse
1283 3254 1441 3335 affirmat,

200 3338 257 3403 ubi
280 3347 393 3403 tamen
414 3337 481 3402 tale
502 3335 580 3420 quid
597 3335 721 3400 frustra
740 3356 884 3419 quaeres.

591 3545 640 3610 72.
682 3546 858 3611 LONDINI.
890 3549 980 3610 1703.
1007 3547 1055 3610 12.

288 3697 381 3781 Quae
402 3700 436 3765 in
458 3698 608 3782 plurimis
630 3698 900 3767 bibliothecarum
922 3700 1077 3784 catalogis
1098 3706 1298 3782 recensetur,
1329 3709 1364 3768 et
1392 3704 1440 3770 sie

200 3794 275 3870 post
301 3788 351 3851 Le
371 3787 539 3871 Longium
568 3794 601 3852 et
622 3786 816 3852 Walchium
845 3789 942 3852 etiam
971 3788 1006 3852 in
1028 3786 1218 3854 Lowndesii
1245 3789 1440 3872 compendio

200 3871 454 3955 bibliographico
481 3877 570 3936 1834.
593 3874 629 3938 Τ.
653 3872 728 3954 ΙΠ.,
749 3874 814 3951 huc
839 3875 937 3956 plane
964 3895 1031 3939 non
1052 3875 1205 3958 pertinet,
1234 3895 1338 3958 quum
1366 3883 1439 3942 tex·

201 3964 256 4023 tus
277 3980 491 4043 neo-graecus
513 3959 564 4025 sit.
1195 3982 1199 4003 ³
1252 4008 1256 4015 ·

613 4172 662 4235 73.
706 4172 853 4234 OXONII.
882 4173 972 4237 1707.
997 4172 1026 4235 8.

286 4322 381 4391 Idem
390 4322 609 4391 Lowndesius
620 4328 714 4388 autor
726 4331 776 4389 est
786 4323 955 4406 exemplar
966 4324 1153 4390 Millianum
1164 4346 1251 4391 anno
1263 4347 1322 4393 suo
1334 4327 1437 4396 natali

202 4413 300 4477 etiam
311 4413 362 4477 IV
373 4413 471 4478 tomis
488 4412 612 4476 formae
626 4411 811 4477 cotonarias
822 4411 948 4476 editum
964 4432 1044 4479 esse.
1068 4411 1166 4494 Quod
1182 4412 1436 4499 haudquaquam

201 4499 282 4563 mihi
293 4499 493 4584 persuaserit
499 4498 540 4562 V.
550 4496 592 4562 D.
601 4496 700 4562 Millii
709 4503 823 4563 textus
833 4498 869 4562 in
884 4497 1027 4564 editione
1037 4498 1154 4564 maiori
1163 4521 1231 4564 non
1241 4523 1302 4586 per
1312 4503 1435 4568 colum·

194 4605 258 4651 nas
280 4605 457 4670 expressus
480 4584 537 4653 sed
561 4583 657 4650 lineis
682 4583 837 4669 integris,
865 4584 962 4651 modo
985 4583 1136 4669 pluribus
1159 4585 1257 4653 modo
1274 4588 1435 4674 pauciori·

185 4667 249 4738 hus
264 4695 330 4758 pro
353 4673 452 4762 copia
473 4672 707 4747 commentarii
727 4672 850 4758 critici,
870 4673 970 4740 simul
988 4672 1172 4740 charactere
1194 4675 1300 4744 multo
1319 4677 1435 4746 maiori
