<?xml version="1.0" encoding="UTF-8"?>
<!DOCTYPE html PUBLIC "-//W3C//DTD XHTML 1.0 Transitional//EN"
    "http://www.w3.org/TR/xhtml1/DTD/xhtml1-transitional.dtd">
<html xmlns="http://www.w3.org/1999/xhtml" xml:lang="en" lang="en">
 <head>
  <title>
</title>
<meta http-equiv="Content-Type" content="text/html;charset=utf-8" />
  <meta name='ocr-system' content='tesseract 3.04.00' />
  <meta name='ocr-capabilities' content='ocr_page ocr_carea ocr_par ocr_line ocrx_word'/>
</head>
<body>
  <div class='ocr_page' id='page_1' title='image "./bibliothecanovi00reusgoog_0265.png"; bbox 0 0 3000 5024; ppageno 0'>
   <div class='ocr_carea' id='block_1_1' title="bbox 213 238 1449 306">
    <p class='ocr_par' dir='ltr' id='par_1_1' title="bbox 213 238 1449 306">
     <span class='ocr_line' id='line_1_1' title="bbox 213 238 1449 306; baseline -0.015 -1"><span class='ocrx_word' id='word_1_1' title='bbox 213 241 278 306; x_wconf 81' lang='lat' dir='ltr'><strong>ato</strong></span> <span class='ocrx_word' id='word_1_2' title='bbox 738 240 856 298; x_wconf 73' lang='lat' dir='ltr'>CAPUT</span> <span class='ocrx_word' id='word_1_3' title='bbox 875 239 961 296; x_wconf 83' lang='lat' dir='ltr'><strong>xxu.</strong></span> <span class='ocrx_word' id='word_1_4' title='bbox 1425 238 1449 287; x_wconf 76' lang='lat' dir='ltr'><strong>e</strong></span> 
     </span>
    </p>
   </div>
   <div class='ocr_carea' id='block_1_2' title="bbox 208 409 1448 1173">
    <p class='ocr_par' dir='ltr' id='par_1_2' title="bbox 208 409 1448 1173">
     <span class='ocr_line' id='line_1_2' title="bbox 212 409 1448 493; baseline -0.002 -13"><span class='ocrx_word' id='word_1_5' title='bbox 212 432 288 480; x_wconf 90' lang='lat' dir='ltr'><strong>cum</strong></span> <span class='ocrx_word' id='word_1_6' title='bbox 315 414 550 481; x_wconf 89' lang='lat' dir='ltr'><strong>commentario</strong></span> <span class='ocrx_word' id='word_1_7' title='bbox 579 416 619 481; x_wconf 89' lang='lat' dir='ltr'><strong>A.</strong></span> <span class='ocrx_word' id='word_1_8' title='bbox 647 415 762 480; x_wconf 86' lang='lat' dir='ltr'><strong>Rilliet</strong></span> <span class='ocrx_word' id='word_1_9' title='bbox 794 415 968 493; x_wconf 90' lang='lat' dir='ltr'><strong>contineat,</strong></span> <span class='ocrx_word' id='word_1_10' title='bbox 996 412 1062 478; x_wconf 89' lang='lat' dir='ltr'><strong>nisi</strong></span> <span class='ocrx_word' id='word_1_11' title='bbox 1095 417 1189 478; x_wconf 90' lang='lat' dir='ltr'><strong>auter</strong></span> <span class='ocrx_word' id='word_1_12' title='bbox 1220 410 1309 477; x_wconf 86' lang='lat' dir='ltr'><strong>inter</strong></span> <span class='ocrx_word' id='word_1_13' title='bbox 1331 409 1448 477; x_wconf 81' lang='lat' dir='ltr'><strong>Gallos</strong></span> 
     </span>
     <span class='ocr_line' id='line_1_3' title="bbox 212 496 1447 584; baseline -0.002 -19"><span class='ocrx_word' id='word_1_14' title='bbox 212 501 338 584; x_wconf 91' lang='lat' dir='ltr'><strong>primus</strong></span> <span class='ocrx_word' id='word_1_15' title='bbox 366 503 481 567; x_wconf 89' lang='lat' dir='ltr'><strong>fuisset</strong></span> <span class='ocrx_word' id='word_1_16' title='bbox 508 503 564 584; x_wconf 92' lang='lat' dir='ltr'><strong>qui</strong></span> <span class='ocrx_word' id='word_1_17' title='bbox 596 500 773 567; x_wconf 76' lang='lat' dir='ltr'><strong>hodiernae</strong></span> <span class='ocrx_word' id='word_1_18' title='bbox 805 501 938 567; x_wconf 77' lang='lat' dir='ltr'>criticae</span> <span class='ocrx_word' id='word_1_19' title='bbox 969 499 1100 584; x_wconf 91' lang='lat' dir='ltr'><strong>legibus</strong></span> <span class='ocrx_word' id='word_1_20' title='bbox 1137 497 1274 564; x_wconf 89' lang='lat' dir='ltr'><strong>candide</strong></span> <span class='ocrx_word' id='word_1_21' title='bbox 1304 496 1447 579; x_wconf 89' lang='lat' dir='ltr'><strong>acceptis</strong></span> 
     </span>
     <span class='ocr_line' id='line_1_4' title="bbox 212 583 1447 671; baseline -0.001 -19"><span class='ocrx_word' id='word_1_22' title='bbox 212 593 324 667; x_wconf 83' lang='lat' dir='ltr'><strong>textus</strong></span> <span class='ocrx_word' id='word_1_23' title='bbox 346 588 469 670; x_wconf 91' lang='lat' dir='ltr'><strong>recepti</strong></span> <span class='ocrx_word' id='word_1_24' title='bbox 491 588 700 654; x_wconf 81' lang='lat' dir='ltr'><strong>autoritatem</strong></span> <span class='ocrx_word' id='word_1_25' title='bbox 728 588 815 671; x_wconf 91' lang='lat' dir='ltr'><strong>apud</strong></span> <span class='ocrx_word' id='word_1_26' title='bbox 844 586 1017 671; x_wconf 81' lang='lat' dir='ltr'><strong>populares</strong></span> <span class='ocrx_word' id='word_1_27' title='bbox 1045 606 1121 651; x_wconf 90' lang='lat' dir='ltr'><strong>suos</strong></span> <span class='ocrx_word' id='word_1_28' title='bbox 1142 585 1249 652; x_wconf 88' lang='lat' dir='ltr'><strong>adhuc</strong></span> <span class='ocrx_word' id='word_1_29' title='bbox 1270 583 1447 668; x_wconf 78' lang='lat' dir='ltr'><strong>irrefraga-</strong></span> 
     </span>
     <span class='ocr_line' id='line_1_5' title="bbox 210 669 1448 757; baseline -0.002 -18"><span class='ocrx_word' id='word_1_30' title='bbox 210 674 311 740; x_wconf 88' lang='lat' dir='ltr'><strong>bilem</strong></span> <span class='ocrx_word' id='word_1_31' title='bbox 331 675 510 757; x_wconf 85' lang='lat' dir='ltr'><strong>inlringere</strong></span> <span class='ocrx_word' id='word_1_32' title='bbox 531 683 666 740; x_wconf 89' lang='lat' dir='ltr'><strong>conatus</strong></span> <span class='ocrx_word' id='word_1_33' title='bbox 688 676 740 741; x_wconf 91' lang='lat' dir='ltr'><strong>sit.</strong></span> <span class='ocrx_word' id='word_1_34' title='bbox 779 673 847 755; x_wconf 79' lang='lat' dir='ltr'><strong>Qui</strong></span> <span class='ocrx_word' id='word_1_35' title='bbox 868 695 975 756; x_wconf 85' lang='lat' dir='ltr'><strong>nuper</strong></span> <span class='ocrx_word' id='word_1_36' title='bbox 995 673 1121 738; x_wconf 88' lang='lat' dir='ltr'><strong>maiora</strong></span> <span class='ocrx_word' id='word_1_37' title='bbox 1140 670 1273 738; x_wconf 90' lang='lat' dir='ltr'><strong>molitus</strong></span> <span class='ocrx_word' id='word_1_38' title='bbox 1292 669 1448 754; x_wconf 82' lang='lat' dir='ltr'><strong>gallicam</strong></span> 
     </span>
     <span class='ocr_line' id='line_1_6' title="bbox 210 757 1448 827; baseline -0.004 -1"><span class='ocrx_word' id='word_1_39' title='bbox 210 760 251 826; x_wconf 86' lang='lat' dir='ltr'><strong>N.</strong></span> <span class='ocrx_word' id='word_1_40' title='bbox 264 762 300 826; x_wconf 77' lang='lat' dir='ltr'><strong>&#39;h</strong></span> <span class='ocrx_word' id='word_1_41' title='bbox 323 760 510 827; x_wconf 79' lang='lat' dir='ltr'><strong>versionem</strong></span> <span class='ocrx_word' id='word_1_42' title='bbox 533 761 635 826; x_wconf 83' lang='lat' dir='ltr'><strong>edidit</strong></span> <span class='ocrx_word' id='word_1_43' title='bbox 656 761 698 826; x_wconf 93' lang='lat' dir='ltr'><strong>ad</strong></span> <span class='ocrx_word' id='word_1_44' title='bbox 719 761 821 827; x_wconf 91' lang='lat' dir='ltr'><strong>talem</strong></span> <span class='ocrx_word' id='word_1_45' title='bbox 842 767 954 826; x_wconf 83' lang='lat' dir='ltr'><strong>textus</strong></span> <span class='ocrx_word' id='word_1_46' title='bbox 971 759 1195 825; x_wconf 90' lang='lat' dir='ltr'><strong>recensionem</strong></span> <span class='ocrx_word' id='word_1_47' title='bbox 1213 757 1347 824; x_wconf 92' lang='lat' dir='ltr'><strong>omnino</strong></span> <span class='ocrx_word' id='word_1_48' title='bbox 1369 777 1448 822; x_wconf 90' lang='lat' dir='ltr'><strong>con·</strong></span> 
     </span>
     <span class='ocr_line' id='line_1_7' title="bbox 210 843 1447 931; baseline -0.002 -20"><span class='ocrx_word' id='word_1_49' title='bbox 210 847 394 912; x_wconf 83' lang='lat' dir='ltr'><strong>formatam.</strong></span> <span class='ocrx_word' id='word_1_50' title='bbox 437 847 550 913; x_wconf 92' lang='lat' dir='ltr'><strong>Unum</strong></span> <span class='ocrx_word' id='word_1_51' title='bbox 578 856 706 912; x_wconf 91' lang='lat' dir='ltr'><strong>tantum</strong></span> <span class='ocrx_word' id='word_1_52' title='bbox 734 848 843 912; x_wconf 92' lang='lat' dir='ltr'><strong>locum</strong></span> <span class='ocrx_word' id='word_1_53' title='bbox 871 846 985 913; x_wconf 91' lang='lat' dir='ltr'><strong>inveni</strong></span> <span class='ocrx_word' id='word_1_54' title='bbox 1011 847 1058 931; x_wconf 92' lang='lat' dir='ltr'><strong>(J.</strong></span> <span class='ocrx_word' id='word_1_55' title='bbox 1085 844 1158 928; x_wconf 88' lang='lat'>110)</span> <span class='ocrx_word' id='word_1_56' title='bbox 1185 843 1447 927; x_wconf 74' lang='grc' dir='ltr'><strong>1101101111θο-</strong></span> 
     </span>
     <span class='ocr_line' id='line_1_8' title="bbox 210 929 1446 1016; baseline -0.003 -18"><span class='ocrx_word' id='word_1_57' title='bbox 210 932 365 998; x_wconf 91' lang='lat' dir='ltr'><strong>bachium</strong></span> <span class='ocrx_word' id='word_1_58' title='bbox 397 953 475 1016; x_wconf 90' lang='lat' dir='ltr'><strong>prae</strong></span> <span class='ocrx_word' id='word_1_59' title='bbox 496 934 712 999; x_wconf 85' lang='lat' dir='ltr'><strong>Lachmanno</strong></span> <span class='ocrx_word' id='word_1_60' title='bbox 745 932 861 999; x_wconf 89' lang='lat' dir='ltr'><strong>ducem</strong></span> <span class='ocrx_word' id='word_1_61' title='bbox 892 938 1050 1015; x_wconf 89' lang='lat' dir='ltr'><strong>sequutus</strong></span> <span class='ocrx_word' id='word_1_62' title='bbox 1079 938 1138 1011; x_wconf 90' lang='lat' dir='ltr'><strong>est,</strong></span> <span class='ocrx_word' id='word_1_63' title='bbox 1167 929 1358 1014; x_wconf 89' lang='lat' dir='ltr'><strong>etquidem</strong></span> <span class='ocrx_word' id='word_1_64' title='bbox 1381 950 1446 994; x_wconf 94' lang='lat' dir='ltr'><strong>non</strong></span> 
     </span>
     <span class='ocr_line' id='line_1_9' title="bbox 208 1014 1447 1104; baseline -0.002 -20"><span class='ocrx_word' id='word_1_65' title='bbox 208 1018 381 1103; x_wconf 88' lang='lat' dir='ltr'><strong>pauciores</strong></span> <span class='ocrx_word' id='word_1_66' title='bbox 403 1027 534 1086; x_wconf 91' lang='grc'><strong>1001100</strong></span> <span class='ocrx_word' id='word_1_67' title='bbox 560 1020 761 1104; x_wconf 78' lang='lat' dir='ltr'><strong>selectosque</strong></span> <span class='ocrx_word' id='word_1_68' title='bbox 787 1019 919 1103; x_wconf 83' lang='lat' dir='ltr'><strong>inspexi</strong></span> <span class='ocrx_word' id='word_1_69' title='bbox 939 1019 1026 1086; x_wconf 93' lang='lat' dir='ltr'><strong>locos</strong></span> <span class='ocrx_word' id='word_1_70' title='bbox 1059 1017 1117 1084; x_wconf 89' lang='lat' dir='ltr'><strong>sed</strong></span> <span class='ocrx_word' id='word_1_71' title='bbox 1149 1017 1248 1084; x_wconf 86' lang='lat' dir='ltr'><strong>totius</strong></span> <span class='ocrx_word' id='word_1_72' title='bbox 1274 1017 1345 1083; x_wconf 87' lang='lat' dir='ltr'><strong>fere</strong></span> <span class='ocrx_word' id='word_1_73' title='bbox 1378 1014 1447 1100; x_wconf 92' lang='lat' dir='ltr'><strong>epi-</strong></span> 
     </span>
     <span class='ocr_line' id='line_1_10' title="bbox 210 1105 488 1173; baseline 0 0"><span class='ocrx_word' id='word_1_74' title='bbox 210 1105 313 1173; x_wconf 87' lang='lat' dir='ltr'><strong>stolae</strong></span> <span class='ocrx_word' id='word_1_75' title='bbox 331 1112 488 1173; x_wconf 88' lang='lat' dir='ltr'><strong>tenorem.</strong></span> 
     </span>
    </p>
   </div>
   <div class='ocr_carea' id='block_1_3' title="bbox 482 1316 1173 1391">
    <p class='ocr_par' dir='ltr' id='par_1_3' title="bbox 482 1316 1173 1391">
     <span class='ocr_line' id='line_1_11' title="bbox 482 1316 1173 1391; baseline 0.001 -14"><span class='ocrx_word' id='word_1_76' title='bbox 482 1319 509 1379; x_wconf 84' lang='lat'><strong>5.</strong></span> <span class='ocrx_word' id='word_1_77' title='bbox 532 1317 695 1378; x_wconf 86' lang='lat' dir='ltr'>LONDON</span> <span class='ocrx_word' id='word_1_78' title='bbox 712 1323 808 1375; x_wconf 78' lang='grc'><strong>010111.</strong></span> <span class='ocrx_word' id='word_1_79' title='bbox 830 1319 860 1375; x_wconf 79' lang='lat' dir='ltr'><strong>S.</strong></span> <span class='ocrx_word' id='word_1_80' title='bbox 881 1321 1010 1391; x_wconf 77' lang='lat' dir='ltr'><strong>Beqster.</strong></span> <span class='ocrx_word' id='word_1_81' title='bbox 1031 1317 1121 1379; x_wconf 84' lang='lat'><strong>1844.</strong></span> <span class='ocrx_word' id='word_1_82' title='bbox 1146 1316 1173 1378; x_wconf 82' lang='lat'><strong>8.</strong></span> 
     </span>
    </p>
   </div>
   <div class='ocr_carea' id='block_1_4' title="bbox 207 1446 1449 3004">
    <p class='ocr_par' dir='ltr' id='par_1_4' title="bbox 207 1446 1449 3004">
     <span class='ocr_line' id='line_1_12' title="bbox 296 1446 1442 1536; baseline -0.003 -19"><span class='ocrx_word' id='word_1_83' title='bbox 296 1452 513 1536; x_wconf 86' lang='lat' dir='ltr'><strong>Apocalypsis</strong></span> <span class='ocrx_word' id='word_1_84' title='bbox 541 1473 658 1536; x_wconf 87' lang='lat' dir='ltr'><strong>graece</strong></span> <span class='ocrx_word' id='word_1_85' title='bbox 676 1457 710 1517; x_wconf 91' lang='lat' dir='ltr'><strong>et</strong></span> <span class='ocrx_word' id='word_1_86' title='bbox 731 1453 858 1535; x_wconf 86' lang='lat' dir='ltr'><strong>anglice</strong></span> <span class='ocrx_word' id='word_1_87' title='bbox 881 1452 968 1517; x_wconf 91' lang='lat' dir='ltr'><strong>edita</strong></span> <span class='ocrx_word' id='word_1_88' title='bbox 990 1474 1009 1518; x_wconf 93' lang='lat' dir='ltr'><strong>a</strong></span> <span class='ocrx_word' id='word_1_89' title='bbox 1032 1451 1068 1518; x_wconf 78' lang='lat' dir='ltr'><strong>S.</strong></span> <span class='ocrx_word' id='word_1_90' title='bbox 1090 1449 1256 1516; x_wconf 88' lang='lat' dir='ltr'><strong>Prideaux</strong></span> <span class='ocrx_word' id='word_1_91' title='bbox 1277 1446 1442 1534; x_wconf 71' lang='lat' dir='ltr'><strong>Tregelles</strong></span> 
     </span>
     <span class='ocr_line' id='line_1_13' title="bbox 210 1535 1445 1623; baseline -0.002 -20"><span class='ocrx_word' id='word_1_92' title='bbox 210 1540 319 1622; x_wconf 92' lang='lat' dir='ltr'><strong>quiet</strong></span> <span class='ocrx_word' id='word_1_93' title='bbox 340 1546 469 1603; x_wconf 84' lang='lat' dir='ltr'><strong>textum</strong></span> <span class='ocrx_word' id='word_1_94' title='bbox 498 1546 532 1602; x_wconf 91' lang='grc'><strong>01</strong></span> <span class='ocrx_word' id='word_1_95' title='bbox 559 1538 741 1603; x_wconf 91' lang='lat' dir='ltr'><strong>versionem</strong></span> <span class='ocrx_word' id='word_1_96' title='bbox 757 1537 907 1623; x_wconf 54' lang='lat' dir='ltr'><strong>¹propriis</strong></span> <span class='ocrx_word' id='word_1_97' title='bbox 935 1539 1022 1604; x_wconf 86' lang='grc'><strong>01110</strong></span> <span class='ocrx_word' id='word_1_98' title='bbox 1044 1535 1218 1602; x_wconf 89' lang='lat' dir='ltr'><strong>emendare</strong></span> <span class='ocrx_word' id='word_1_99' title='bbox 1240 1535 1378 1613; x_wconf 87' lang='lat' dir='ltr'><strong>studuit,</strong></span> <span class='ocrx_word' id='word_1_100' title='bbox 1399 1535 1445 1600; x_wconf 89' lang='lat' dir='ltr'><strong>ita</strong></span> 
     </span>
     <span class='ocr_line' id='line_1_14' title="bbox 210 1617 1444 1708; baseline -0.001 -19"><span class='ocrx_word' id='word_1_101' title='bbox 210 1632 249 1689; x_wconf 92' lang='lat' dir='ltr'><strong>ut</strong></span> <span class='ocrx_word' id='word_1_102' title='bbox 269 1624 324 1689; x_wconf 93' lang='lat' dir='ltr'><strong>hic</strong></span> <span class='ocrx_word' id='word_1_103' title='bbox 355 1617 485 1690; x_wconf 92' lang='lat' dir='ltr'><strong>libellus</strong></span> <span class='ocrx_word' id='word_1_104' title='bbox 518 1624 683 1708; x_wconf 91' lang='lat' dir='ltr'><strong>specimen</strong></span> <span class='ocrx_word' id='word_1_105' title='bbox 716 1633 802 1690; x_wconf 91' lang='lat' dir='ltr'><strong>esset</strong></span> <span class='ocrx_word' id='word_1_106' title='bbox 833 1647 940 1691; x_wconf 90' lang='lat' dir='ltr'><strong>novae</strong></span> <span class='ocrx_word' id='word_1_107' title='bbox 974 1625 1074 1690; x_wconf 86' lang='lat' dir='ltr'><strong>totius</strong></span> <span class='ocrx_word' id='word_1_108' title='bbox 1092 1623 1138 1689; x_wconf 88' lang='lat' dir='ltr'><strong>N.</strong></span> <span class='ocrx_word' id='word_1_109' title='bbox 1160 1623 1197 1687; x_wconf 78' lang='grc' dir='ltr'><strong>Τ.</strong></span> <span class='ocrx_word' id='word_1_110' title='bbox 1231 1621 1444 1701; x_wconf 77' lang='lat' dir='ltr'><strong>recensionis,</strong></span> 
     </span>
     <span class='ocr_line' id='line_1_15' title="bbox 210 1707 1447 1794; baseline -0.002 -18"><span class='ocrx_word' id='word_1_111' title='bbox 210 1732 294 1794; x_wconf 89' lang='lat' dir='ltr'><strong>quae</strong></span> <span class='ocrx_word' id='word_1_112' title='bbox 321 1711 461 1793; x_wconf 90' lang='lat' dir='ltr'><strong>quidem,</strong></span> <span class='ocrx_word' id='word_1_113' title='bbox 484 1711 514 1776; x_wconf 92' lang='grc'><strong>01</strong></span> <span class='ocrx_word' id='word_1_114' title='bbox 545 1712 612 1775; x_wconf 90' lang='lat' dir='ltr'><strong>iam</strong></span> <span class='ocrx_word' id='word_1_115' title='bbox 635 1709 784 1777; x_wconf 90' lang='lat' dir='ltr'><strong>absoluta</strong></span> <span class='ocrx_word' id='word_1_116' title='bbox 816 1713 851 1776; x_wconf 93' lang='lat' dir='ltr'><strong>in</strong></span> <span class='ocrx_word' id='word_1_117' title='bbox 879 1711 1046 1794; x_wconf 86' lang='lat' dir='ltr'><strong>publicum</strong></span> <span class='ocrx_word' id='word_1_118' title='bbox 1073 1708 1204 1794; x_wconf 89' lang='lat' dir='ltr'><strong>prodiit,</strong></span> <span class='ocrx_word' id='word_1_119' title='bbox 1234 1708 1386 1774; x_wconf 90' lang='lat' dir='ltr'><strong>nondum</strong></span> <span class='ocrx_word' id='word_1_120' title='bbox 1406 1707 1447 1773; x_wconf 89' lang='lat' dir='ltr'><strong>ad</strong></span> 
     </span>
     <span class='ocr_line' id='line_1_16' title="bbox 209 1793 1446 1880; baseline -0.003 -18"><span class='ocrx_word' id='word_1_121' title='bbox 209 1819 269 1863; x_wconf 92' lang='lat' dir='ltr'><strong>nos</strong></span> <span class='ocrx_word' id='word_1_122' title='bbox 290 1797 451 1880; x_wconf 88' lang='lat' dir='ltr'><strong>pervenit.</strong></span> <span class='ocrx_word' id='word_1_123' title='bbox 495 1798 602 1862; x_wconf 78' lang='lat' dir='ltr'><strong>Fama</strong></span> <span class='ocrx_word' id='word_1_124' title='bbox 628 1798 764 1862; x_wconf 91' lang='lat' dir='ltr'><strong>interim</strong></span> <span class='ocrx_word' id='word_1_125' title='bbox 792 1806 939 1864; x_wconf 91' lang='lat' dir='ltr'><strong>autorem</strong></span> <span class='ocrx_word' id='word_1_126' title='bbox 965 1798 1052 1863; x_wconf 90' lang='lat' dir='ltr'><strong>inter</strong></span> <span class='ocrx_word' id='word_1_127' title='bbox 1074 1803 1207 1861; x_wconf 85' lang='lat' dir='ltr'><strong>nostrae</strong></span> <span class='ocrx_word' id='word_1_128' title='bbox 1229 1795 1348 1861; x_wconf 87' lang='lat' dir='ltr'><strong>aetatis</strong></span> <span class='ocrx_word' id='word_1_129' title='bbox 1369 1793 1446 1859; x_wconf 91' lang='lat' dir='ltr'><strong>Bri·</strong></span> 
     </span>
     <span class='ocr_line' id='line_1_17' title="bbox 208 1881 1445 1968; baseline -0.002 -19"><span class='ocrx_word' id='word_1_130' title='bbox 208 1890 327 1949; x_wconf 90' lang='lat' dir='ltr'><strong>tannos</strong></span> <span class='ocrx_word' id='word_1_131' title='bbox 350 1884 431 1949; x_wconf 91' lang='lat' dir='ltr'><strong>artis</strong></span> <span class='ocrx_word' id='word_1_132' title='bbox 458 1885 587 1949; x_wconf 89' lang='lat' dir='ltr'><strong>criticae</strong></span> <span class='ocrx_word' id='word_1_133' title='bbox 615 1884 868 1968; x_wconf 82' lang='lat' dir='ltr'><strong>antesignanum</strong></span> <span class='ocrx_word' id='word_1_134' title='bbox 891 1885 1041 1950; x_wconf 90' lang='lat' dir='ltr'><strong>celebrat.</strong></span> <span class='ocrx_word' id='word_1_135' title='bbox 1087 1882 1203 1948; x_wconf 90' lang='lat' dir='ltr'><strong>Nescio</strong></span> <span class='ocrx_word' id='word_1_136' title='bbox 1231 1902 1275 1946; x_wconf 93' lang='lat' dir='ltr'><strong>an</strong></span> <span class='ocrx_word' id='word_1_137' title='bbox 1297 1881 1445 1960; x_wconf 86' lang='lat' dir='ltr'><strong>fortasse,</strong></span> 
     </span>
     <span class='ocr_line' id='line_1_18' title="bbox 209 1966 1446 2054; baseline -0.002 -20"><span class='ocrx_word' id='word_1_138' title='bbox 209 1992 293 2054; x_wconf 90' lang='lat' dir='ltr'><strong>quae</strong></span> <span class='ocrx_word' id='word_1_139' title='bbox 316 1970 478 2054; x_wconf 75' lang='lat' dir='ltr'><strong>Tregellio</strong></span> <span class='ocrx_word' id='word_1_140' title='bbox 500 1992 576 2037; x_wconf 93' lang='lat' dir='ltr'><strong>cum</strong></span> <span class='ocrx_word' id='word_1_141' title='bbox 598 1970 843 2037; x_wconf 75' lang='lat' dir='ltr'><strong>&#39;Fischendorfio</strong></span> <span class='ocrx_word' id='word_1_142' title='bbox 865 1975 977 2037; x_wconf 88' lang='lat' dir='ltr'><strong>nostro</strong></span> <span class='ocrx_word' id='word_1_143' title='bbox 1000 1966 1200 2053; x_wconf 90' lang='lat' dir='ltr'><strong>aliquamdiu</strong></span> <span class='ocrx_word' id='word_1_144' title='bbox 1222 1966 1378 2032; x_wconf 86' lang='lat' dir='ltr'><strong>interfuit</strong></span> <span class='ocrx_word' id='word_1_145' title='bbox 1399 1966 1446 2032; x_wconf 85' lang='lat' dir='ltr'><strong>fa-</strong></span> 
     </span>
     <span class='ocr_line' id='line_1_19' title="bbox 209 2054 1446 2139; baseline -0.002 -16"><span class='ocrx_word' id='word_1_146' title='bbox 209 2057 381 2123; x_wconf 87' lang='lat' dir='ltr'><strong>miliaritas</strong></span> <span class='ocrx_word' id='word_1_147' title='bbox 405 2056 460 2133; x_wconf 92' lang='lat' dir='ltr'><strong>(de</strong></span> <span class='ocrx_word' id='word_1_148' title='bbox 488 2078 552 2139; x_wconf 93' lang='lat' dir='ltr'><strong>qua</strong></span> <span class='ocrx_word' id='word_1_149' title='bbox 577 2057 716 2121; x_wconf 88' lang='lat' dir='ltr'><strong>lectores</strong></span> <span class='ocrx_word' id='word_1_150' title='bbox 749 2057 895 2122; x_wconf 92' lang='lat' dir='ltr'><strong>virorum</strong></span> <span class='ocrx_word' id='word_1_151' title='bbox 922 2057 1091 2123; x_wconf 88' lang='lat' dir='ltr'><strong>doctorum</strong></span> <span class='ocrx_word' id='word_1_152' title='bbox 1124 2054 1283 2120; x_wconf 88' lang='lat' dir='ltr'><strong>interiora</strong></span> <span class='ocrx_word' id='word_1_153' title='bbox 1310 2074 1446 2138; x_wconf 85' lang='lat' dir='ltr'><strong>cognos-</strong></span> 
     </span>
     <span class='ocr_line' id='line_1_20' title="bbox 210 2140 1446 2227; baseline -0.002 -18"><span class='ocrx_word' id='word_1_154' title='bbox 210 2143 304 2210; x_wconf 91' lang='lat' dir='ltr'><strong>cendi</strong></span> <span class='ocrx_word' id='word_1_155' title='bbox 333 2143 476 2208; x_wconf 87' lang='lat' dir='ltr'><strong>curiosos</strong></span> <span class='ocrx_word' id='word_1_156' title='bbox 505 2143 546 2207; x_wconf 92' lang='lat' dir='ltr'><strong>ad</strong></span> <span class='ocrx_word' id='word_1_157' title='bbox 568 2143 749 2209; x_wconf 90' lang='lat' dir='ltr'><strong>novissima</strong></span> <span class='ocrx_word' id='word_1_158' title='bbox 780 2143 884 2208; x_wconf 91' lang='lat' dir='ltr'><strong>critici</strong></span> <span class='ocrx_word' id='word_1_159' title='bbox 913 2142 1099 2227; x_wconf 85' lang='lat' dir='ltr'><strong>Lipsiensis</strong></span> <span class='ocrx_word' id='word_1_160' title='bbox 1127 2141 1364 2224; x_wconf 87' lang='lat' dir='ltr'><strong>prolegomena</strong></span> <span class='ocrx_word' id='word_1_161' title='bbox 1390 2140 1446 2206; x_wconf 90' lang='lat' dir='ltr'><strong>ab·</strong></span> 
     </span>
     <span class='ocr_line' id='line_1_21' title="bbox 208 2225 1447 2314; baseline -0.002 -20"><span class='ocrx_word' id='word_1_162' title='bbox 208 2229 297 2314; x_wconf 88' lang='lat' dir='ltr'><strong>lego)</strong></span> <span class='ocrx_word' id='word_1_163' title='bbox 318 2231 388 2294; x_wconf 92' lang='lat' dir='ltr'><strong>eius</strong></span> <span class='ocrx_word' id='word_1_164' title='bbox 410 2231 552 2294; x_wconf 87' lang='lat' dir='ltr'><strong>rationes</strong></span> <span class='ocrx_word' id='word_1_165' title='bbox 574 2236 609 2293; x_wconf 87' lang='lat' dir='ltr'><strong>et</strong></span> <span class='ocrx_word' id='word_1_166' title='bbox 630 2228 822 2293; x_wconf 90' lang='lat' dir='ltr'><strong>methodum</strong></span> <span class='ocrx_word' id='word_1_167' title='bbox 840 2229 993 2294; x_wconf 89' lang='lat' dir='ltr'><strong>mutarit:</strong></span> <span class='ocrx_word' id='word_1_168' title='bbox 1021 2229 1057 2292; x_wconf 91' lang='lat' dir='ltr'><strong>in</strong></span> <span class='ocrx_word' id='word_1_169' title='bbox 1081 2228 1142 2294; x_wconf 90' lang='lat' dir='ltr'><strong>hac</strong></span> <span class='ocrx_word' id='word_1_170' title='bbox 1163 2225 1296 2312; x_wconf 91' lang='lat' dir='ltr'><strong>quidem</strong></span> <span class='ocrx_word' id='word_1_171' title='bbox 1316 2226 1447 2310; x_wconf 87' lang='lat' dir='ltr'><strong>Apoea-</strong></span> 
     </span>
     <span class='ocr_line' id='line_1_22' title="bbox 208 2311 1449 2400; baseline -0.003 -20"><span class='ocrx_word' id='word_1_172' title='bbox 208 2315 306 2399; x_wconf 84' lang='lat' dir='ltr'><strong>lypsi,</strong></span> <span class='ocrx_word' id='word_1_173' title='bbox 349 2335 449 2398; x_wconf 92' lang='lat' dir='ltr'><strong>quam</strong></span> <span class='ocrx_word' id='word_1_174' title='bbox 480 2316 614 2400; x_wconf 89' lang='lat' dir='ltr'><strong>Lipsiae</strong></span> <span class='ocrx_word' id='word_1_175' title='bbox 644 2314 758 2380; x_wconf 87' lang='lat' dir='ltr'><strong>sedulo</strong></span> <span class='ocrx_word' id='word_1_176' title='bbox 787 2316 985 2396; x_wconf 86' lang='lat' dir='ltr'><strong>examinavi,</strong></span> <span class='ocrx_word' id='word_1_177' title='bbox 999 2366 1002 2373; x_wconf 92' lang='lat'><strong>.</strong></span> <span class='ocrx_word' id='word_1_178' title='bbox 1018 2320 1146 2380; x_wconf 83' lang='lat' dir='ltr'><strong>textum</strong></span> <span class='ocrx_word' id='word_1_179' title='bbox 1178 2311 1372 2395; x_wconf 84' lang='lat' dir='ltr'><strong>simpliciter</strong></span> <span class='ocrx_word' id='word_1_180' title='bbox 1405 2334 1449 2378; x_wconf 85' lang='lat' dir='ltr'><strong>ex</strong></span> 
     </span>
     <span class='ocr_line' id='line_1_23' title="bbox 209 2397 1449 2484; baseline -0.003 -16"><span class='ocrx_word' id='word_1_181' title='bbox 209 2402 469 2469; x_wconf 82' lang='lat' dir='ltr'><strong>Griesbachiano</strong></span> <span class='ocrx_word' id='word_1_182' title='bbox 491 2410 524 2467; x_wconf 92' lang='lat' dir='ltr'><strong>et</strong></span> <span class='ocrx_word' id='word_1_183' title='bbox 544 2401 817 2467; x_wconf 86' lang='lat' dir='ltr'><strong>Lachmanniano</strong></span> <span class='ocrx_word' id='word_1_184' title='bbox 838 2403 981 2468; x_wconf 87' lang='lat' dir='ltr'><strong>mixtum</strong></span> <span class='ocrx_word' id='word_1_185' title='bbox 1003 2399 1212 2484; x_wconf 87' lang='lat' dir='ltr'><strong>deprehendi.</strong></span> <span class='ocrx_word' id='word_1_186' title='bbox 1246 2397 1386 2466; x_wconf 74' lang='lat' dir='ltr'><strong>Scilicet</strong></span> <span class='ocrx_word' id='word_1_187' title='bbox 1406 2420 1449 2466; x_wconf 86' lang='lat' dir='ltr'><strong>ex</strong></span> 
     </span>
     <span class='ocr_line' id='line_1_24' title="bbox 214 2483 1448 2571; baseline 0.004 -24"><span class='ocrx_word' id='word_1_188' title='bbox 214 2492 272 2551; x_wconf 86' lang='lat'><strong>119</strong></span> <span class='ocrx_word' id='word_1_189' title='bbox 295 2488 375 2554; x_wconf 92' lang='lat' dir='ltr'><strong>locis</strong></span> <span class='ocrx_word' id='word_1_190' title='bbox 396 2489 517 2554; x_wconf 89' lang='lat' dir='ltr'><strong>nostris</strong></span> <span class='ocrx_word' id='word_1_191' title='bbox 539 2509 621 2571; x_wconf 91' lang='lat' dir='ltr'><strong>quae</strong></span> <span class='ocrx_word' id='word_1_192' title='bbox 642 2489 696 2554; x_wconf 89' lang='lat' dir='ltr'><strong>hic</strong></span> <span class='ocrx_word' id='word_1_193' title='bbox 718 2489 911 2555; x_wconf 89' lang='lat' dir='ltr'><strong>incensum</strong></span> <span class='ocrx_word' id='word_1_194' title='bbox 932 2488 1081 2566; x_wconf 90' lang='lat' dir='ltr'><strong>veniunt,</strong></span> <span class='ocrx_word' id='word_1_195' title='bbox 1105 2494 1184 2553; x_wconf 91' lang='lat' dir='ltr'><strong>sunt</strong></span> <span class='ocrx_word' id='word_1_196' title='bbox 1206 2489 1245 2549; x_wconf 80' lang='grc'><strong>81</strong></span> <span class='ocrx_word' id='word_1_197' title='bbox 1268 2483 1448 2569; x_wconf 88' lang='lat' dir='ltr'><strong>inquibus</strong></span> 
     </span>
     <span class='ocr_line' id='line_1_25' title="bbox 207 2569 1448 2657; baseline -0.001 -18"><span class='ocrx_word' id='word_1_198' title='bbox 207 2595 285 2639; x_wconf 90' lang='lat' dir='ltr'><strong>cum</strong></span> <span class='ocrx_word' id='word_1_199' title='bbox 319 2581 455 2657; x_wconf 90' lang='lat' dir='ltr'><strong>utroque</strong></span> <span class='ocrx_word' id='word_1_200' title='bbox 488 2573 569 2639; x_wconf 91' lang='lat' dir='ltr'><strong>duce</strong></span> <span class='ocrx_word' id='word_1_201' title='bbox 602 2576 773 2653; x_wconf 89' lang='lat' dir='ltr'><strong>consentit,</strong></span> <span class='ocrx_word' id='word_1_202' title='bbox 807 2576 843 2640; x_wconf 92' lang='lat' dir='ltr'><strong>in</strong></span> <span class='ocrx_word' id='word_1_203' title='bbox 876 2573 988 2641; x_wconf 93' lang='lat' dir='ltr'><strong>decem</strong></span> <span class='ocrx_word' id='word_1_204' title='bbox 1022 2574 1095 2639; x_wconf 89' lang='grc'><strong>11110</strong></span> <span class='ocrx_word' id='word_1_205' title='bbox 1125 2594 1200 2639; x_wconf 91' lang='lat' dir='ltr'><strong>cum</strong></span> <span class='ocrx_word' id='word_1_206' title='bbox 1229 2569 1448 2639; x_wconf 81' lang='lat' dir='ltr'><strong>Griesbachio</strong></span> 
     </span>
     <span class='ocr_line' id='line_1_26' title="bbox 209 2655 1448 2744; baseline 0 -20"><span class='ocrx_word' id='word_1_207' title='bbox 209 2659 278 2724; x_wconf 92' lang='lat' dir='ltr'><strong>solo</strong></span> <span class='ocrx_word' id='word_1_208' title='bbox 299 2659 387 2739; x_wconf 88' lang='lat' dir='ltr'><strong>facit,</strong></span> <span class='ocrx_word' id='word_1_209' title='bbox 415 2661 452 2724; x_wconf 92' lang='lat' dir='ltr'><strong>in</strong></span> <span class='ocrx_word' id='word_1_210' title='bbox 478 2658 630 2728; x_wconf 90' lang='lat' dir='ltr'><strong>undecim</strong></span> <span class='ocrx_word' id='word_1_211' title='bbox 652 2682 726 2727; x_wconf 93' lang='lat' dir='ltr'><strong>cum</strong></span> <span class='ocrx_word' id='word_1_212' title='bbox 748 2662 973 2730; x_wconf 86' lang='lat' dir='ltr'><strong>Lachmanno.</strong></span> <span class='ocrx_word' id='word_1_213' title='bbox 1017 2659 1161 2744; x_wconf 85' lang='lat' dir='ltr'><strong>Reliqua</strong></span> <span class='ocrx_word' id='word_1_214' title='bbox 1181 2660 1249 2725; x_wconf 86' lang='lat' dir='ltr'><strong>fere</strong></span> <span class='ocrx_word' id='word_1_215' title='bbox 1270 2656 1369 2725; x_wconf 86' lang='lat' dir='ltr'><strong>uncis</strong></span> <span class='ocrx_word' id='word_1_216' title='bbox 1389 2655 1448 2724; x_wconf 87' lang='lat' dir='ltr'><strong>ad·</strong></span> 
     </span>
     <span class='ocr_line' id='line_1_27' title="bbox 209 2743 1448 2831; baseline 0.002 -22"><span class='ocrx_word' id='word_1_217' title='bbox 209 2745 322 2812; x_wconf 90' lang='lat' dir='ltr'><strong>hibitis</strong></span> <span class='ocrx_word' id='word_1_218' title='bbox 345 2746 445 2813; x_wconf 89' lang='lat' dir='ltr'><strong>dubia</strong></span> <span class='ocrx_word' id='word_1_219' title='bbox 465 2747 631 2831; x_wconf 86' lang='lat' dir='ltr'><strong>relinquit,</strong></span> <span class='ocrx_word' id='word_1_220' title='bbox 660 2749 708 2813; x_wconf 88' lang='lat' dir='ltr'><strong>ita</strong></span> <span class='ocrx_word' id='word_1_221' title='bbox 730 2755 841 2814; x_wconf 87' lang='lat' dir='ltr'><strong>tamen</strong></span> <span class='ocrx_word' id='word_1_222' title='bbox 869 2757 907 2814; x_wconf 92' lang='lat' dir='ltr'><strong>ut</strong></span> <span class='ocrx_word' id='word_1_223' title='bbox 933 2748 1064 2831; x_wconf 88' lang='lat' dir='ltr'><strong>saepius</strong></span> <span class='ocrx_word' id='word_1_224' title='bbox 1086 2769 1161 2814; x_wconf 92' lang='lat' dir='ltr'><strong>cum</strong></span> <span class='ocrx_word' id='word_1_225' title='bbox 1182 2744 1307 2811; x_wconf 87' lang='lat' dir='ltr'><strong>Vatero</strong></span> <span class='ocrx_word' id='word_1_226' title='bbox 1334 2743 1448 2826; x_wconf 82' lang='lat' dir='ltr'><strong>faciat3</strong></span> 
     </span>
     <span class='ocr_line' id='line_1_28' title="bbox 208 2831 1448 2917; baseline 0.002 -20"><span class='ocrx_word' id='word_1_227' title='bbox 208 2831 260 2898; x_wconf 93' lang='lat' dir='ltr'><strong>bis</strong></span> <span class='ocrx_word' id='word_1_228' title='bbox 287 2841 345 2898; x_wconf 86' lang='lat' dir='ltr'><strong>aut</strong></span> <span class='ocrx_word' id='word_1_229' title='bbox 371 2839 423 2898; x_wconf 89' lang='lat' dir='ltr'><strong>ter</strong></span> <span class='ocrx_word' id='word_1_230' title='bbox 453 2831 594 2917; x_wconf 90' lang='lat' dir='ltr'><strong>denique</strong></span> <span class='ocrx_word' id='word_1_231' title='bbox 627 2855 700 2900; x_wconf 89' lang='lat' dir='ltr'><strong>eam</strong></span> <span class='ocrx_word' id='word_1_232' title='bbox 732 2841 844 2900; x_wconf 89' lang='lat' dir='ltr'><strong>tuetur</strong></span> <span class='ocrx_word' id='word_1_233' title='bbox 876 2834 1050 2902; x_wconf 87' lang='lat' dir='ltr'><strong>lectionem</strong></span> <span class='ocrx_word' id='word_1_234' title='bbox 1082 2853 1182 2916; x_wconf 87' lang='lat' dir='ltr'><strong>quam</strong></span> <span class='ocrx_word' id='word_1_235' title='bbox 1207 2831 1448 2899; x_wconf 83' lang='lat' dir='ltr'><strong>Lachmannus</strong></span> 
     </span>
     <span class='ocr_line' id='line_1_29' title="bbox 207 2916 1368 3004; baseline 0.001 -20"><span class='ocrx_word' id='word_1_236' title='bbox 207 2918 244 2984; x_wconf 90' lang='lat' dir='ltr'><strong>in</strong></span> <span class='ocrx_word' id='word_1_237' title='bbox 264 2939 325 2987; x_wconf 85' lang='lat' dir='ltr'><strong>sua</strong></span> <span class='ocrx_word' id='word_1_238' title='bbox 346 2919 490 2990; x_wconf 84' lang='lat' dir='ltr'><strong>secunda</strong></span> <span class='ocrx_word' id='word_1_239' title='bbox 512 2920 663 3001; x_wconf 86' lang='lat' dir='ltr'><strong>editione,</strong></span> <span class='ocrx_word' id='word_1_240' title='bbox 686 2941 771 2986; x_wconf 91' lang='lat' dir='ltr'><strong>anno</strong></span> <span class='ocrx_word' id='word_1_241' title='bbox 796 2925 877 2984; x_wconf 85' lang='grc'><strong>1850</strong></span> <span class='ocrx_word' id='word_1_242' title='bbox 901 2921 1033 2987; x_wconf 90' lang='lat' dir='ltr'><strong>demum</strong></span> <span class='ocrx_word' id='word_1_243' title='bbox 1053 2919 1209 3004; x_wconf 85' lang='lat' dir='ltr'><strong>evulgata</strong></span> <span class='ocrx_word' id='word_1_244' title='bbox 1229 2916 1368 3002; x_wconf 85' lang='lat' dir='ltr'><strong>recepit.</strong></span> 
     </span>
    </p>
   </div>
   <div class='ocr_carea' id='block_1_5' title="bbox 379 3128 1279 3210">
    <p class='ocr_par' dir='ltr' id='par_1_5' title="bbox 379 3128 1279 3210">
     <span class='ocr_line' id='line_1_30' title="bbox 379 3128 1279 3210; baseline 0 -18"><span class='ocrx_word' id='word_1_245' title='bbox 379 3133 436 3196; x_wconf 65' lang='lat' dir='ltr'><strong>a*</strong></span> <span class='ocrx_word' id='word_1_246' title='bbox 456 3128 749 3193; x_wconf 76' lang='grc' dir='ltr'><strong>111Ήο111111</strong></span> <span class='ocrx_word' id='word_1_247' title='bbox 770 3135 900 3210; x_wconf 56' lang='lat' dir='ltr'><strong>amaa</strong></span> <span class='ocrx_word' id='word_1_248' title='bbox 921 3133 955 3190; x_wconf 80' lang='grc'><strong>1.</strong></span> <span class='ocrx_word' id='word_1_249' title='bbox 972 3134 1118 3191; x_wconf 66' lang='lat' dir='ltr'><strong>naara</strong></span> <span class='ocrx_word' id='word_1_250' title='bbox 1140 3130 1229 3193; x_wconf 82' lang='grc'><strong>1011.</strong></span> <span class='ocrx_word' id='word_1_251' title='bbox 1248 3131 1279 3192; x_wconf 82' lang='lat'><strong>4.</strong></span> 
     </span>
    </p>
   </div>
   <div class='ocr_carea' id='block_1_6' title="bbox 200 3262 1451 4748">
    <p class='ocr_par' dir='ltr' id='par_1_6' title="bbox 200 3262 1451 4748">
     <span class='ocr_line' id='line_1_31' title="bbox 294 3262 1450 3352; baseline -0.003 -18"><span class='ocrx_word' id='word_1_252' title='bbox 294 3267 445 3350; x_wconf 74' lang='lat' dir='ltr'><strong>Quatuor</strong></span> <span class='ocrx_word' id='word_1_253' title='bbox 480 3268 651 3352; x_wconf 87' lang='lat' dir='ltr'><strong>evangelia</strong></span> <span class='ocrx_word' id='word_1_254' title='bbox 690 3290 784 3335; x_wconf 88' lang='lat' dir='ltr'><strong>sacra</strong></span> <span class='ocrx_word' id='word_1_255' title='bbox 821 3266 987 3334; x_wconf 88' lang='lat' dir='ltr'><strong>Matthaei</strong></span> <span class='ocrx_word' id='word_1_256' title='bbox 1025 3266 1133 3334; x_wconf 91' lang='lat' dir='ltr'><strong>Marci</strong></span> <span class='ocrx_word' id='word_1_257' title='bbox 1163 3266 1278 3333; x_wconf 85' lang='lat' dir='ltr'><strong>Lucae</strong></span> <span class='ocrx_word' id='word_1_258' title='bbox 1309 3262 1450 3330; x_wconf 89' lang='lat' dir='ltr'><strong>Ioannis</strong></span> 
     </span>
     <span class='ocr_line' id='line_1_32' title="bbox 204 3349 1450 3441; baseline -0.005 -19"><span class='ocrx_word' id='word_1_259' title='bbox 204 3358 239 3422; x_wconf 92' lang='lat' dir='ltr'><strong>in</strong></span> <span class='ocrx_word' id='word_1_260' title='bbox 261 3356 469 3422; x_wconf 90' lang='lat' dir='ltr'><strong>harmoniam</strong></span> <span class='ocrx_word' id='word_1_261' title='bbox 492 3353 675 3441; x_wconf 81' lang='lat' dir='ltr'><strong>(Synopsin</strong></span> <span class='ocrx_word' id='word_1_262' title='bbox 703 3361 741 3421; x_wconf 92' lang='lat' dir='ltr'><strong>tu</strong></span> <span class='ocrx_word' id='word_1_263' title='bbox 772 3355 954 3440; x_wconf 87' lang='lat' dir='ltr'><strong>intelligas)</strong></span> <span class='ocrx_word' id='word_1_264' title='bbox 983 3353 1124 3433; x_wconf 89' lang='lat' dir='ltr'><strong>redacta,</strong></span> <span class='ocrx_word' id='word_1_265' title='bbox 1147 3351 1256 3418; x_wconf 87' lang='lat' dir='ltr'><strong>studio</strong></span> <span class='ocrx_word' id='word_1_266' title='bbox 1278 3355 1312 3417; x_wconf 91' lang='lat' dir='ltr'><strong>et</strong></span> <span class='ocrx_word' id='word_1_267' title='bbox 1334 3349 1450 3417; x_wconf 87' lang='lat' dir='ltr'><strong>labore</strong></span> 
     </span>
     <span class='ocr_line' id='line_1_33' title="bbox 206 3435 1448 3526; baseline -0.004 -18"><span class='ocrx_word' id='word_1_268' title='bbox 206 3443 271 3508; x_wconf 89' lang='lat' dir='ltr'><strong>Ios.</strong></span> <span class='ocrx_word' id='word_1_269' title='bbox 295 3442 400 3507; x_wconf 91' lang='lat' dir='ltr'><strong>Henr.</strong></span> <span class='ocrx_word' id='word_1_270' title='bbox 423 3441 591 3510; x_wconf 78' lang='lat' dir='ltr'><strong>Friedlieb</strong></span> <span class='ocrx_word' id='word_1_271' title='bbox 618 3442 810 3526; x_wconf 89' lang='lat' dir='ltr'><strong>professoris</strong></span> <span class='ocrx_word' id='word_1_272' title='bbox 838 3441 1026 3526; x_wconf 85' lang='lat' dir='ltr'><strong>theologiae</strong></span> <span class='ocrx_word' id='word_1_273' title='bbox 1055 3439 1233 3507; x_wconf 90' lang='lat' dir='ltr'><strong>catholicae</strong></span> <span class='ocrx_word' id='word_1_274' title='bbox 1265 3437 1302 3503; x_wconf 93' lang='lat' dir='ltr'><strong>in</strong></span> <span class='ocrx_word' id='word_1_275' title='bbox 1330 3435 1448 3504; x_wconf 87' lang='lat' dir='ltr'><strong>acade-</strong></span> 
     </span>
     <span class='ocr_line' id='line_1_34' title="bbox 208 3522 1451 3614; baseline -0.004 -20"><span class='ocrx_word' id='word_1_276' title='bbox 208 3529 277 3594; x_wconf 92' lang='lat' dir='ltr'><strong>mia</strong></span> <span class='ocrx_word' id='word_1_277' title='bbox 299 3528 562 3595; x_wconf 85' lang='lat' dir='ltr'><strong>Vratislaviensi.</strong></span> <span class='ocrx_word' id='word_1_278' title='bbox 618 3527 713 3614; x_wconf 90' lang='lat' dir='ltr'><strong>Opus</strong></span> <span class='ocrx_word' id='word_1_279' title='bbox 743 3537 776 3595; x_wconf 92' lang='lat' dir='ltr'><strong>et</strong></span> <span class='ocrx_word' id='word_1_280' title='bbox 803 3529 843 3595; x_wconf 89' lang='lat' dir='ltr'><strong>ab</strong></span> <span class='ocrx_word' id='word_1_281' title='bbox 872 3536 1009 3595; x_wconf 89' lang='lat' dir='ltr'><strong>externa</strong></span> <span class='ocrx_word' id='word_1_282' title='bbox 1030 3526 1136 3592; x_wconf 84' lang='lat' dir='ltr'><strong>forma</strong></span> <span class='ocrx_word' id='word_1_283' title='bbox 1166 3522 1344 3609; x_wconf 90' lang='lat' dir='ltr'><strong>spectabile</strong></span> <span class='ocrx_word' id='word_1_284' title='bbox 1374 3530 1451 3589; x_wconf 87' lang='lat' dir='ltr'><strong>eta</strong></span> 
     </span>
     <span class='ocr_line' id='line_1_35' title="bbox 209 3609 1450 3682; baseline -0.005 0"><span class='ocrx_word' id='word_1_285' title='bbox 209 3614 329 3682; x_wconf 90' lang='lat' dir='ltr'><strong>criticis</strong></span> <span class='ocrx_word' id='word_1_286' title='bbox 373 3615 506 3682; x_wconf 89' lang='lat' dir='ltr'><strong>editoris</strong></span> <span class='ocrx_word' id='word_1_287' title='bbox 549 3617 637 3682; x_wconf 92' lang='lat' dir='ltr'><strong>euris</strong></span> <span class='ocrx_word' id='word_1_288' title='bbox 680 3614 985 3682; x_wconf 90' lang='lat' dir='ltr'><strong>commendandum.</strong></span> <span class='ocrx_word' id='word_1_289' title='bbox 1053 3615 1179 3679; x_wconf 75' lang='grc'><strong>101110</strong></span> <span class='ocrx_word' id='word_1_290' title='bbox 1221 3632 1297 3680; x_wconf 88' lang='lat' dir='ltr'><strong>cum</strong></span> <span class='ocrx_word' id='word_1_291' title='bbox 1337 3609 1450 3677; x_wconf 89' lang='lat' dir='ltr'><strong>codice</strong></span> 
     </span>
     <span class='ocr_line' id='line_1_36' title="bbox 208 3696 1448 3788; baseline -0.005 -21"><span class='ocrx_word' id='word_1_292' title='bbox 208 3702 371 3786; x_wconf 80' lang='lat' dir='ltr'><strong>Ephremi</strong></span> <span class='ocrx_word' id='word_1_293' title='bbox 403 3703 493 3788; x_wconf 89' lang='lat' dir='ltr'><strong>regio</strong></span> <span class='ocrx_word' id='word_1_294' title='bbox 521 3722 611 3768; x_wconf 92' lang='lat' dir='ltr'><strong>nuno</strong></span> <span class='ocrx_word' id='word_1_295' title='bbox 639 3703 771 3770; x_wconf 92' lang='lat' dir='ltr'><strong>demum</strong></span> <span class='ocrx_word' id='word_1_296' title='bbox 799 3708 948 3769; x_wconf 88' lang='lat' dir='ltr'><strong>accurate</strong></span> <span class='ocrx_word' id='word_1_297' title='bbox 978 3699 1113 3768; x_wconf 89' lang='lat' dir='ltr'><strong>collatus</strong></span> <span class='ocrx_word' id='word_1_298' title='bbox 1139 3698 1258 3767; x_wconf 90' lang='lat' dir='ltr'><strong>dicitur</strong></span> <span class='ocrx_word' id='word_1_299' title='bbox 1279 3698 1315 3763; x_wconf 92' lang='grc'><strong>11</strong></span> <span class='ocrx_word' id='word_1_300' title='bbox 1338 3696 1448 3775; x_wconf 86' lang='lat' dir='ltr'><strong>titulo,</strong></span> 
     </span>
     <span class='ocr_line' id='line_1_37' title="bbox 209 3783 1449 3875; baseline -0.006 -20"><span class='ocrx_word' id='word_1_301' title='bbox 209 3788 267 3855; x_wconf 89' lang='lat' dir='ltr'><strong>sed</strong></span> <span class='ocrx_word' id='word_1_302' title='bbox 290 3794 323 3855; x_wconf 93' lang='lat' dir='ltr'><strong>et</strong></span> <span class='ocrx_word' id='word_1_303' title='bbox 343 3789 481 3855; x_wconf 90' lang='lat' dir='ltr'><strong>aliorum</strong></span> <span class='ocrx_word' id='word_1_304' title='bbox 493 3788 643 3856; x_wconf 91' lang='lat' dir='ltr'><strong>codicum</strong></span> <span class='ocrx_word' id='word_1_305' title='bbox 664 3797 698 3856; x_wconf 92' lang='lat' dir='ltr'><strong>et</strong></span> <span class='ocrx_word' id='word_1_306' title='bbox 712 3790 867 3875; x_wconf 86' lang='lat' dir='ltr'><strong>vulgatae</strong></span> <span class='ocrx_word' id='word_1_307' title='bbox 889 3788 1050 3856; x_wconf 85' lang='lat' dir='ltr'><strong>versionis</strong></span> <span class='ocrx_word' id='word_1_308' title='bbox 1071 3787 1236 3856; x_wconf 87' lang='lat' dir='ltr'><strong>variantes</strong></span> <span class='ocrx_word' id='word_1_309' title='bbox 1258 3783 1368 3852; x_wconf 87' lang='lat' dir='ltr'><strong>eidem</strong></span> <span class='ocrx_word' id='word_1_310' title='bbox 1389 3803 1449 3867; x_wconf 91' lang='lat' dir='ltr'><strong>per</strong></span> 
     </span>
     <span class='ocr_line' id='line_1_38' title="bbox 209 3871 1450 3959; baseline -0.006 -16"><span class='ocrx_word' id='word_1_311' title='bbox 209 3881 316 3943; x_wconf 88' lang='lat' dir='ltr'><strong>totum</strong></span> <span class='ocrx_word' id='word_1_312' title='bbox 357 3875 432 3942; x_wconf 93' lang='lat' dir='ltr'><strong>libri</strong></span> <span class='ocrx_word' id='word_1_313' title='bbox 472 3882 620 3942; x_wconf 91' lang='lat' dir='ltr'><strong>tenorem</strong></span> <span class='ocrx_word' id='word_1_314' title='bbox 656 3877 884 3944; x_wconf 90' lang='lat' dir='ltr'><strong>subiiciuntur.</strong></span> <span class='ocrx_word' id='word_1_315' title='bbox 940 3874 1016 3956; x_wconf 80' lang='lat' dir='ltr'><strong>Quo</strong></span> <span class='ocrx_word' id='word_1_316' title='bbox 1043 3873 1231 3959; x_wconf 87' lang='lat' dir='ltr'><strong>diligentius</strong></span> <span class='ocrx_word' id='word_1_317' title='bbox 1257 3871 1450 3938; x_wconf 85' lang='lat' dir='ltr'><strong>examinato</strong></span> 
     </span>
     <span class='ocr_line' id='line_1_39' title="bbox 209 3958 1451 4049; baseline -0.004 -22"><span class='ocrx_word' id='word_1_318' title='bbox 209 3961 342 4027; x_wconf 90' lang='lat' dir='ltr'><strong>omnino</strong></span> <span class='ocrx_word' id='word_1_319' title='bbox 364 3963 595 4044; x_wconf 80' lang='lat' dir='ltr'><strong>confirmatum</strong></span> <span class='ocrx_word' id='word_1_320' title='bbox 616 3965 723 4049; x_wconf 89' lang='lat' dir='ltr'><strong>reperi</strong></span> <span class='ocrx_word' id='word_1_321' title='bbox 749 3963 836 4048; x_wconf 90' lang='lat' dir='ltr'><strong>quod</strong></span> <span class='ocrx_word' id='word_1_322' title='bbox 863 3963 935 4047; x_wconf 90' lang='lat' dir='ltr'><strong>ipse</strong></span> <span class='ocrx_word' id='word_1_323' title='bbox 963 3961 1169 4028; x_wconf 89' lang='lat' dir='ltr'><strong>doctissimus</strong></span> <span class='ocrx_word' id='word_1_324' title='bbox 1197 3963 1292 4026; x_wconf 90' lang='lat' dir='ltr'><strong>autor</strong></span> <span class='ocrx_word' id='word_1_325' title='bbox 1320 3958 1360 4023; x_wconf 91' lang='lat' dir='ltr'><strong>in</strong></span> <span class='ocrx_word' id='word_1_326' title='bbox 1389 3976 1451 4023; x_wconf 89' lang='lat' dir='ltr'><strong>sua</strong></span> 
     </span>
     <span class='ocr_line' id='line_1_40' title="bbox 209 4045 1448 4133; baseline -0.004 -20"><span class='ocrx_word' id='word_1_327' title='bbox 209 4048 410 4132; x_wconf 88' lang='lat' dir='ltr'><strong>praefatione</strong></span> <span class='ocrx_word' id='word_1_328' title='bbox 431 4053 613 4133; x_wconf 89' lang='lat' dir='ltr'><strong>profitetur,</strong></span> <span class='ocrx_word' id='word_1_329' title='bbox 636 4051 760 4118; x_wconf 90' lang='lat' dir='ltr'><strong>seilicet</strong></span> <span class='ocrx_word' id='word_1_330' title='bbox 781 4049 1088 4117; x_wconf 87' lang='lat' dir='ltr'><strong>Lachmannianam</strong></span> <span class='ocrx_word' id='word_1_331' title='bbox 1110 4045 1334 4115; x_wconf 75' lang='lat' dir='ltr'><strong>recensionem</strong></span> <span class='ocrx_word' id='word_1_332' title='bbox 1357 4048 1448 4129; x_wconf 90' lang='lat' dir='ltr'><strong>post·</strong></span> 
     </span>
     <span class='ocr_line' id='line_1_41' title="bbox 209 4130 1450 4223; baseline -0.005 -21"><span class='ocrx_word' id='word_1_333' title='bbox 209 4136 349 4202; x_wconf 91' lang='lat' dir='ltr'><strong>eriorem</strong></span> <span class='ocrx_word' id='word_1_334' title='bbox 381 4158 442 4220; x_wconf 89' lang='lat' dir='ltr'><strong>pro</strong></span> <span class='ocrx_word' id='word_1_335' title='bbox 473 4137 686 4204; x_wconf 84' lang='lat' dir='ltr'><strong>fundamento</strong></span> <span class='ocrx_word' id='word_1_336' title='bbox 719 4139 860 4223; x_wconf 90' lang='lat' dir='ltr'><strong>positam</strong></span> <span class='ocrx_word' id='word_1_337' title='bbox 892 4138 1002 4214; x_wconf 87' lang='lat' dir='ltr'><strong>fuisse,</strong></span> <span class='ocrx_word' id='word_1_338' title='bbox 1036 4158 1056 4202; x_wconf 88' lang='lat' dir='ltr'><strong>a</strong></span> <span class='ocrx_word' id='word_1_339' title='bbox 1088 4156 1154 4219; x_wconf 90' lang='lat' dir='ltr'><strong>qua</strong></span> <span class='ocrx_word' id='word_1_340' title='bbox 1179 4138 1292 4199; x_wconf 87' lang='lat' dir='ltr'><strong>tamen</strong></span> <span class='ocrx_word' id='word_1_341' title='bbox 1314 4130 1450 4215; x_wconf 89' lang='lat' dir='ltr'><strong>saepius</strong></span> 
     </span>
     <span class='ocr_line' id='line_1_42' title="bbox 209 4216 1448 4307; baseline -0.006 -19"><span class='ocrx_word' id='word_1_342' title='bbox 209 4243 307 4306; x_wconf 90' lang='lat' dir='ltr'><strong>quam</strong></span> <span class='ocrx_word' id='word_1_343' title='bbox 329 4223 513 4307; x_wconf 90' lang='lat' dir='ltr'><strong>suspicatus</strong></span> <span class='ocrx_word' id='word_1_344' title='bbox 538 4245 637 4305; x_wconf 92' lang='lat' dir='ltr'><strong>eram,</strong></span> <span class='ocrx_word' id='word_1_345' title='bbox 670 4246 789 4307; x_wconf 91' lang='lat' dir='ltr'><strong>nempe</strong></span> <span class='ocrx_word' id='word_1_346' title='bbox 812 4229 852 4289; x_wconf 82' lang='grc'><strong>95</strong></span> <span class='ocrx_word' id='word_1_347' title='bbox 884 4223 963 4290; x_wconf 86' lang='grc'><strong>10010</strong></span> <span class='ocrx_word' id='word_1_348' title='bbox 993 4242 1035 4287; x_wconf 84' lang='lat' dir='ltr'><strong>ex</strong></span> <span class='ocrx_word' id='word_1_349' title='bbox 1060 4221 1266 4288; x_wconf 84' lang='grc'><strong>1001110395</strong></span> <span class='ocrx_word' id='word_1_350' title='bbox 1296 4216 1448 4296; x_wconf 86' lang='lat' dir='ltr'><strong>discedit,</strong></span> 
     </span>
     <span class='ocr_line' id='line_1_43' title="bbox 209 4303 1450 4395; baseline -0.006 -20"><span class='ocrx_word' id='word_1_351' title='bbox 209 4316 243 4375; x_wconf 91' lang='grc'><strong>01</strong></span> <span class='ocrx_word' id='word_1_352' title='bbox 264 4310 397 4392; x_wconf 90' lang='lat' dir='ltr'><strong>quidem</strong></span> <span class='ocrx_word' id='word_1_353' title='bbox 418 4311 635 4395; x_wconf 82' lang='lat' dir='ltr'><strong>quinquagies</strong></span> <span class='ocrx_word' id='word_1_354' title='bbox 665 4318 699 4376; x_wconf 94' lang='lat' dir='ltr'><strong>et</strong></span> <span class='ocrx_word' id='word_1_355' title='bbox 726 4311 778 4377; x_wconf 93' lang='lat' dir='ltr'><strong>bis</strong></span> <span class='ocrx_word' id='word_1_356' title='bbox 806 4309 900 4375; x_wconf 89' lang='lat' dir='ltr'><strong>uncis</strong></span> <span class='ocrx_word' id='word_1_357' title='bbox 926 4309 982 4374; x_wconf 92' lang='lat' dir='ltr'><strong>vel</strong></span> <span class='ocrx_word' id='word_1_358' title='bbox 1004 4308 1144 4392; x_wconf 88' lang='lat' dir='ltr'><strong>demptis</strong></span> <span class='ocrx_word' id='word_1_359' title='bbox 1165 4305 1218 4376; x_wconf 92' lang='lat' dir='ltr'><strong>vel</strong></span> <span class='ocrx_word' id='word_1_360' title='bbox 1246 4303 1380 4385; x_wconf 88' lang='lat' dir='ltr'><strong>additis,</strong></span> <span class='ocrx_word' id='word_1_361' title='bbox 1401 4303 1450 4368; x_wconf 88' lang='lat' dir='ltr'><strong>ita</strong></span> 
     </span>
     <span class='ocr_line' id='line_1_44' title="bbox 209 4393 1449 4480; baseline -0.004 -18"><span class='ocrx_word' id='word_1_362' title='bbox 209 4397 341 4480; x_wconf 90' lang='lat' dir='ltr'><strong>quidem</strong></span> <span class='ocrx_word' id='word_1_363' title='bbox 363 4403 401 4463; x_wconf 95' lang='lat' dir='ltr'><strong>ut</strong></span> <span class='ocrx_word' id='word_1_364' title='bbox 422 4398 529 4464; x_wconf 88' lang='lat' dir='ltr'><strong>rarius</strong></span> <span class='ocrx_word' id='word_1_365' title='bbox 557 4418 640 4480; x_wconf 86' lang='lat' dir='ltr'><strong>quae</strong></span> <span class='ocrx_word' id='word_1_366' title='bbox 661 4398 899 4465; x_wconf 82' lang='lat' dir='ltr'><strong>Lachmannus</strong></span> <span class='ocrx_word' id='word_1_367' title='bbox 922 4395 1171 4462; x_wconf 90' lang='lat' dir='ltr'><strong>addubitaverat</strong></span> <span class='ocrx_word' id='word_1_368' title='bbox 1191 4393 1328 4460; x_wconf 89' lang='lat' dir='ltr'><strong>damnet</strong></span> <span class='ocrx_word' id='word_1_369' title='bbox 1350 4410 1449 4477; x_wconf 89' lang='lat' dir='ltr'><strong>quam</strong></span> 
     </span>
     <span class='ocr_line' id='line_1_45' title="bbox 209 4476 1449 4567; baseline -0.004 -19"><span class='ocrx_word' id='word_1_370' title='bbox 209 4489 349 4565; x_wconf 89' lang='lat' dir='ltr'><strong>tueatur,</strong></span> <span class='ocrx_word' id='word_1_371' title='bbox 370 4484 475 4550; x_wconf 87' lang='lat' dir='ltr'><strong>multo</strong></span> <span class='ocrx_word' id='word_1_372' title='bbox 508 4484 712 4567; x_wconf 87' lang='lat' dir='ltr'><strong>frequentius</strong></span> <span class='ocrx_word' id='word_1_373' title='bbox 746 4482 787 4548; x_wconf 90' lang='lat' dir='ltr'><strong>de</strong></span> <span class='ocrx_word' id='word_1_374' title='bbox 809 4481 937 4549; x_wconf 88' lang='lat' dir='ltr'><strong>omissis</strong></span> <span class='ocrx_word' id='word_1_375' title='bbox 970 4503 1069 4566; x_wconf 91' lang='lat' dir='ltr'><strong>quam</strong></span> <span class='ocrx_word' id='word_1_376' title='bbox 1095 4482 1146 4548; x_wconf 89' lang='lat' dir='ltr'><strong>de·</strong></span> <span class='ocrx_word' id='word_1_377' title='bbox 1163 4478 1304 4563; x_wconf 82' lang='lat' dir='ltr'><strong>receptis</strong></span> <span class='ocrx_word' id='word_1_378' title='bbox 1326 4476 1449 4564; x_wconf 83' lang='lat' dir='ltr'><strong>glossis</strong></span> 
     </span>
     <span class='ocr_line' id='line_1_46' title="bbox 211 4563 1448 4656; baseline -0.004 -20"><span class='ocrx_word' id='word_1_379' title='bbox 211 4569 329 4637; x_wconf 92' lang='lat' dir='ltr'><strong>dubius</strong></span> <span class='ocrx_word' id='word_1_380' title='bbox 347 4573 417 4656; x_wconf 91' lang='lat' dir='ltr'><strong>ipse</strong></span> <span class='ocrx_word' id='word_1_381' title='bbox 433 4573 575 4637; x_wconf 88' lang='lat' dir='ltr'><strong>haereat.</strong></span> <span class='ocrx_word' id='word_1_382' title='bbox 609 4572 787 4637; x_wconf 89' lang='lat' dir='ltr'><strong>Praeterea</strong></span> <span class='ocrx_word' id='word_1_383' title='bbox 809 4570 917 4637; x_wconf 90' lang='lat' dir='ltr'><strong>tricies</strong></span> <span class='ocrx_word' id='word_1_384' title='bbox 937 4575 971 4635; x_wconf 94' lang='lat' dir='ltr'><strong>et</strong></span> <span class='ocrx_word' id='word_1_385' title='bbox 993 4569 1099 4636; x_wconf 87' lang='lat' dir='ltr'><strong>sexies</strong></span> <span class='ocrx_word' id='word_1_386' title='bbox 1122 4568 1164 4634; x_wconf 91' lang='lat' dir='ltr'><strong>ad</strong></span> <span class='ocrx_word' id='word_1_387' title='bbox 1181 4563 1448 4643; x_wconf 78' lang='lat' dir='ltr'><strong>Griesbaehium,</strong></span> 
     </span>
     <span class='ocr_line' id='line_1_47' title="bbox 200 4651 1448 4748; baseline -0.005 -23"><span class='ocrx_word' id='word_1_388' title='bbox 200 4657 374 4728; x_wconf 83' lang='lat' dir='ltr'><strong>rarissime</strong></span> <span class='ocrx_word' id='word_1_389' title='bbox 402 4658 444 4728; x_wconf 90' lang='lat' dir='ltr'><strong>ad</strong></span> <span class='ocrx_word' id='word_1_390' title='bbox 472 4657 644 4748; x_wconf 79' lang='lat' dir='ltr'><strong>vulgatam</strong></span> <span class='ocrx_word' id='word_1_391' title='bbox 672 4659 868 4744; x_wconf 88' lang='lat' dir='ltr'><strong>scripturam</strong></span> <span class='ocrx_word' id='word_1_392' title='bbox 896 4656 990 4724; x_wconf 90' lang='lat' dir='ltr'><strong>redit.</strong></span> <span class='ocrx_word' id='word_1_393' title='bbox 1035 4653 1123 4723; x_wconf 78' lang='lat' dir='ltr'><strong>Sunt</strong></span> <span class='ocrx_word' id='word_1_394' title='bbox 1150 4660 1263 4723; x_wconf 84' lang='lat' dir='ltr'><strong>tamen</strong></span> <span class='ocrx_word' id='word_1_395' title='bbox 1279 4651 1448 4723; x_wconf 85' lang='lat' dir='ltr'><strong>nonnulla</strong></span> 
     </span>
    </p>
   </div>
   <div class='ocr_carea' id='block_1_7' title="bbox 0 0 1504 5024">
    <p class='ocr_par' dir='ltr' id='par_1_7' title="bbox 0 0 1504 5024">
     <span class='ocr_line' id='line_1_48' title="bbox 0 0 1504 5024; baseline 0 0"><span class='ocrx_word' id='word_1_396' title='bbox 0 0 1504 5024; x_wconf 95' lang='lat' dir='ltr'><strong> </strong></span> 
     </span>
    </p>
   </div>
  </div>
 </body>
</html>
