3000 5024
84 252 111 308 1
457 248 652 306 remotius
671 249 952 308 nnznvlmsrtsu.
1258 256 1316 319 lll

84 423 325 508 exemplarium
343 421 625 501 divendeudorum
644 423 831 490 nominibus
849 424 918 490 suis
938 424 1097 509 appositis
1115 426 1205 491 varie
1222 446 1318 491 orna-

84 517 173 578 runt
203 509 468 597 Stephamauum
484 530 580 576 exem
603 509 654 575 lar
671 510 822 575 exstabat
838 511 873 574 iu
884 509 1091 577 Bibliotheca
1102 508 1319 593 Sussexiana3

84 597 298 681 Pigetianum
315 597 522 664 rarissimum
544 595 578 662 vi
605 596 610 608 '
636 603 668 661 et
689 596 812 663 eontuli
834 597 870 661 in
892 596 1101 663 Bibliotheca
1120 597 1317 665 Genevensi.
1422 612 1426 619 ·

85 773 141 831 t*
184 771 391 834 HANOVIAE
408 776 483 848 typis
507 775 686 833 wechelianis
705 776 858 845 sumptum
876 774 958 831 aem.
981 774 1127 831 &motti
1143 783 1169 832 et
1186 777 1269 833 Petri
1284 779 1320 832 de

276 859 920 1018 ·*nimoue1affffe‘⁶'e¹1.⁶²diima
950 944 1037 1004 1655.
1075 948 1122 1006 ra.
1142 939 1145 945 ’

172 1063 266 1129 Haeo
286 1083 417 1148 quoque
439 1064 536 1129 uuiea
560 1070 611 1128 est
632 1061 730 1128 editio
752 1062 839 1145 qnod
863 1084 960 1128 nemo
983 1061 1091 1130 adhue
1113 1062 1203 1130 vidit.
1246 1062 1319 1128 He-

85 1149 246 1217 noriense
274 1150 445 1233 exemplar
471 1150 508 1215 in
534 1149 630 1214 titulo
658 1148 778 1214 dieitur
805 1170 848 1213 ex
874 1148 956 1214 Rob.
985 1147 1149 1233 Stephani
1181 1149 1319 1234 aliisque

85 1236 221 1319 optimis
243 1235 440 1302 editionibus
467 1233 608 1300 fideliter
631 1256 789 1300 excusum
811 1243 844 1299 et
866 1235 1000 1300 exhibet
1020 1235 1165 1301 eiusdem
1193 1236 1320 1320 praefe-

85 1322 210 1388 tionem
235 1321 279 1405 (Ο
300 1321 492 1405 mirificum),
513 1320 767 1404 Humburgeuse
788 1342 868 1386 vero
890 1321 951 1387 hae
972 1322 1172 1405 praefatione
1201 1323 1320 1388 omissa

84 1428 128 1475 ex
151 1408 286 1491 optimis
312 1408 480 1491 quibusvis
503 1406 663 1490 exemplis
685 1407 892 1490 potissimum
919 1428 996 1473 vero
1018 1408 1150 1473 Erasmi
1179 1407 1320 1474 editione

83 1514 280 1579 expressum
301 1493 452 1574 traditur,
474 1493 659 1576 impudenti
679 1491 849 1558 mendatio
872 1501 1057 1576 utrumque,
1080 1495 1137 1576 qni
1159 1494 1317 1578 bibliopo-

80 1579 193 1647 larum
214 1579 284 1646 eius
306 1579 428 1646 saeculi
449 1601 519 1646 mos
541 1587 620 1645 erat.
664 1580 717 1644 De
739 1579 943 1645 Hanoviensi
972 1578 1047 1646 vide
1069 1579 1319 1665 Baumgsrteuii

82 1666 207 1733 Naehr.
227 1665 289 1732 IV.
317 1671 386 1745 110,
409 1665 569 1732 Goezium
595 1687 626 1748 p.
656 1670 705 1744 53,
729 1665 917 1730 Masehium
943 1687 973 1748 p.
1006 1667 1067 1728 216
1097 1667 1152 1749 qui
1175 1666 1318 1751 Stepha-

81 1752 167 1819 nieis
187 1752 383 1819 adnumerat
408 1752 504 1817 titulo
532 1751 694 1835 deeeptus.
739 1750 792 1816 De
813 1751 1061 1835 Hamburgeusi
1089 1752 1176 1817 idem
1204 1775 1246 1818 ex
1267 1753 1318 1819 Le

81 1837 214 1923 Longio
235 1837 319 1904 false
339 1839 439 1904 refert
461 1859 490 1921 p.
515 1839 586 1916 299,
609 1837 880 1921 graeco-latinam
902 1838 1021 1903 dioens.
1055 1838 1219 1905 Lorohius
1241 1837 1316 1905 BG.

81 1923 128 1990 H.
154 1928 214 1988 587
245 1924 332 1992 hano
354 1945 502 2007 unquam
523 1925 687 1990 exstitisse
710 1921 845 1989 dubitat.
868 1923 1032 2006 Equidem
1053 1931 1184 2009 praeter
1205 1945 1318 1990 meum

83 2010 255 2095 exemplar
270 2009 399 2076 nullum
413 2009 489 2076 vidi.
519 2010 643 2075 Textus
656 2009 884 2075 Elnevirorum
895 2011 1024 2094 integer
1040 2017 1074 2076 et
1092 2010 1315 2077 intemeratus.

216 2204 269 2263 a*
310 2204 494 2264 euenum
509 2208 577 2261 eat.
594 2222 628 2261 aa
644 2205 760 2276 afleta
776 2205 984 2262 maternorum.
1019 2203 1110 2262 1633.
1144 2203 1192 2260 24.

169 2336 282 2404 Editio
299 2338 528 2406 Elzevirorum
555 2338 699 2405 seeundo
720 2360 740 2403 a
765 2339 872 2422 priore
893 2339 1052 2405 haetenus
1075 2337 1205 2404 diversa
1232 2336 1318 2421 quod

81 2424 208 2509 singuli
229 2425 384 2493 versiculi
411 2425 540 2491 alinea
568 2425 732 2509 ineipiunt
760 2433 793 2490 et
821 2425 857 2488 in
883 2426 950 2491 fine
977 2432 1173 2511 argumenta
1200 2445 1318 2510 graeea

82 2515 258 2596 κεφαλαίων
278 2509 453 2576 adduntur.

173 2598 309 2664 Teutam
340 2597 434 2664 bobes
461 2617 544 2663 αααα
568 2597 607 2662 ab
633 2597 775 2662 omnibus
801 2602 955 2678 receptum
981 2598 1074 2662 aiunt
1105 2597 1161 2662 isti
1192 2597 1228 2661 in
1258 2617 1318 2662 sua

81 2684 296 2768 praefatione,
316 2683 402 2750 feliei
423 2684 559 2750 audaeia
580 2683 741 2767 theologis
763 2683 899 2747 minime
922 2685 1138 2750 renitentibus
1168 2681 1255 2766 quod
1283 2688 1317 2748 et

82 2769 151 2836 illis
182 2777 218 2835 et
245 2769 309 2836 sibi
341 2769 641 2836 commodissimum
666 2771 751 2834 foret
777 2771 974 2853 persuasuri.
1026 2769 1319 2854 Elegantissimum

81 2855 242 2936 libellum,
271 2862 304 2921 et
326 2854 431 2919 storo
459 2863 492 2921 ot
519 2855 715 2942 περιφόρητον
744 2855 894 2939 pluribus
924 2856 1113 2921 deseribunt
1135 2855 1319 2940 Baumgar·

83 2943 195 3009 tonius
221 2943 258 3007 in
285 2943 406 3009 Naehr.
436 2942 462 3008 Ι.
494 2944 566 3022 206,
596 2942 739 3008 Goezius
766 2962 797 3024 p.
829 2945 879 3022 50,
906 2942 1074 3008 Masehius
1101 2963 1132 3025 p.
1164 2943 1235 3021 227,
1262 2940 1318 3006 alii

81 3028 191 3109 multi,
213 3035 327 3112 utpote
348 3035 460 3110 textus
481 3029 603 3111 reeepti
624 3049 703 3094 vere
721 3028 973 3113 antesignanum
991 3035 1025 3093 at
1042 3026 1212 3113 κορύφαιον.
1242 3027 1318 3093 Uno

80 3115 118 3181 in
137 3114 209 3182 loeo
231 3115 434 3200 discrepata
455 3116 575 3198 prima:

360 3242 384 3283 ε.
408 3222 437 3285 9.
459 3218 561 3284 Maro.
587 3221 615 3298 8,
641 3220 690 3280 24.
713 3215 756 3292 ὥς
779 3215 885 3303 δένδρα
908 3218 964 3295 (J.
983 3221 1047 3297 76).

82 3322 258 3406 expunotis
280 3343 355 3390 eum
377 3323 466 3388 Bene
488 3320 546 3408 (X.
574 3325 630 3399 33)
653 3315 699 3384 tu
720 3327 754 3387 et
775 3319 848 3407 ὁρῶ,
871 3343 970 3405 quam
991 3320 1224 3404 simplioiorem
1252 3320 1317 3388 leo·

82 3409 208 3476 tionem
229 3408 298 3475 iam
318 3415 487 3492 reeeperat
507 3408 707 3488 Ianssouius‚
729 3406 806 3474 vide
827 3410 842 3491 6
865 3429 929 3490 seq.

214 3600 269 3660 'ist‘
311 3599 600 3658 AMSTELODAMI
619 3619 652 3657 αα
668 3602 784 3673 officina
802 3604 988 3659 Elaeoiriooa.
1024 3601 1114 3661 1656.
1140 3604 1188 3661 32.

168 3716 275 3785 Abest
295 3719 336 3786 ab
358 3718 421 3786 heo
448 3724 566 3801 quarta
593 3718 736 3784 editione
764 3725 858 3797 (nam
887 3718 927 3784 de
957 3719 1054 3784 tertia
1080 3718 1167 3784 infra
1195 3718 1316 3799 ditem)

81 3804 241 3891 praefatio
269 3805 347 3870 olim
374 3805 563 3888 praemissa,
591 3804 626 3868 iu
655 3806 745 3870 euius
774 3805 882 3871 loeum
908 3806 1087 3871 substituta
1112 3812 1162 3871 est
1187 3805 1318 3872 brevior

83 3891 149 3958 aha
170 3911 255 3974 quae
277 3891 344 3956 alto
371 3890 546 3975 supercilio
567 3889 724 3955 leotorem
750 3891 889 3956 aliorum
911 3891 1106 3975 proletarius
1133 3898 1166 3956 et
1195 3893 1318 3957 aborti-

80 3998 144 4044 vas
165 3975 325 4043 editiones
347 3998 422 4043 eum
444 3976 506 4041 hae
528 3977 675 4042 eonferre
697 3977 804 4056 iubet,
835 3977 958 4044 soilieet
979 3977 1100 4061 absque
1122 3975 1218 4043 dubio
1246 3979 1317 4061 pal·

80 4084 173 4130 mem
206 4061 365 4129 ablatura.
418 4062 562 4129 Exsulat
598 4083 725 4146 quoque
757 4063 903 4148 syllabus
935 4068 1107 4147 κεφαλαίων
1139 4086 1182 4129 ex
1213 4064 1315 4131 MSS.

82 4149 211 4236 praede
240 4149 465 4234 repetiturum.
514 4148 652 4214 Duobus
680 4149 760 4216 loeis
791 4150 955 4234 diserepat
982 4169 1001 4214 a
1030 4149 1186 4217 seouuda:
1220 4150 1315 4219 Rom.

83 4240 114 4318 7,
138 4239 167 4304 2.
192 4244 228 4316 (r.
248 4238 282 4316 2)
305 4235 425 4303 vitium
446 4235 582 4319 eo'rrigit
604 4241 636 4299 et

339 4363 362 4404 ε.
391 4345 437 4404 10.
460 4340 541 4405 Lue.
571 4346 597 4419 l,
621 4342 671 4403 35.
697 4338 752 4417 (U.
780 4339 833 4422 12)
853 4337 925 4404 add.
949 4339 981 4402 ἔκ
1003 4361 1066 4404 σου.

215 4530 269 4593 8.“
310 4526 600 4592 AMSTELODAMI
618 4550 650 4590 αα
667 4533 783 4604 officim
798 4535 985 4592 Elmoirdana.
1022 4530 1112 4595 1662.
1140 4532 1188 4596 16.

168 4649 281 4719 Editio
301 4651 418 4739 quinta
438 4650 681 4720 attentissime
701 4649 855 4721 deseribit
875 4649 1136 4739 praecedentem.
