3000 5024
411 1377 941 1477 PRAEMONENDA.

228 1688 244 1770 ς
268 1690 295 1751 1.
339 1682 510 1752 esurus
533 1681 796 1751 cousmruu
816 1683 878 1750 nu
898 1681 1128 1750 nummus.

144 1859 365 1958 Facturusne
383 1911 502 1974 operae
513 1892 657 1975 pretium
674 1891 736 1957 sim
752 1889 871 1955 notitia
888 1888 1070 1955 editionum
1081 1889 1123 1955 N.
1134 1890 1172 1955 Τ.
1184 1891 1294 1975 graeci

57 1979 252 2062 conscripta,
275 1977 310 2042 id
332 1975 579 2043 diiudicandum
601 1977 675 2044 aliis
696 1978 860 2060 permitto.
904 1977 1008 2042 Pauci
1030 1983 1129 2042 eruut
1149 1978 1294 2060 profecto

58 2067 115 2152 qui
136 2066 238 2132 talem
258 2064 380 2128 librum
401 2065 579 2148 perlegent,
601 2066 773 2147 pauciores
794 2064 932 2129 fortasse
954 2084 1094 2146 qnorum
1116 2062 1296 2129 commodis

58 2160 94 2219 et
115 2151 234 2219 studiis
253 2152 412 2217 inservire
433 2151 562 2234 poterit
596 2151 683 2216 Mihi
704 2151 768 2234 ipsi
789 2150 925 2234 longum
947 2150 1011 2215 fuit
1032 2157 1066 2215 et
1086 2149 1295 2216 fastidiosum

59 2261 158 2323 opus,
193 2237 302 2302 dubiis
327 2237 514 2317 horridum,
547 2244 623 2320 post
648 2239 794 2320 plurium
821 2259 982 2302 annorum
1010 2236 1138 2302 labores
1166 2238 1224 2303 vix
1253 2236 1295 2303 ad

57 2327 161 2392 finem
187 2323 396 2407 perductum,
421 2331 497 2407 post
525 2325 655 2407 saepius
682 2325 817 2389 iteratas
845 2345 941 2390 curas
970 2322 1091 2389 erroris
1117 2324 1200 2388 forte
1226 2345 1295 2388 non

58 2413 165 2497 magis
187 2432 308 2494 expers
336 2430 433 2494 qnam
456 2410 585 2492 leporis.
629 2410 743 2492 Neque
771 2410 904 2475 omnino
934 2430 1059 2476 novum
1085 2408 1209 2491 aliquid
1232 2410 1295 2474 tibi

57 2499 225 2581 promitto,
248 2497 404 2562 benevole
425 2496 538 2576 lector,
560 2496 647 2581 qnod
670 2497 814 2579 alioquin
837 2496 1042 2562 excusationi
1064 2506 1160 2574 esset,
1191 2517 1294 2577 quan·

58 2606 175 2670 quam,
203 2591 242 2648 nt
270 2583 415 2666 ingenue
441 2583 561 2662 fatear,
590 2604 686 2667 quem
709 2583 830 2649 similia
855 2583 953 2665 plane
980 2591 1124 2648 tentasse
1153 2581 1294 2647 dixerim
1345 2659 1348 2662 Δ

56 2671 226 2737 neminem
247 2670 362 2735 habeo.
395 2668 529 2735 Scilicet
544 2671 631 2736 hanc
651 2669 882 2735 bibliothecam
899 2668 1038 2736 condere
1055 2669 1205 2734 molienti
1226 2684 1309 2735 non*

56 2757 92 2822 id
113 2758 149 2822 in
171 2758 281 2822 animo
303 2762 376 2821 erat
396 2763 434 2820 ut
455 2756 647 2839 simphciter
668 2757 828 2822 librorum
850 2756 964 2822 titulos
993 2756 1213 2840 qualicunque
1241 2777 1294 2821 or-

59 2842 137 2908 dine
158 2843 292 2908 libuerit
313 2841 594 2924 disponendorum
616 2843 848 2922 describerem,
871 2865 988 2909 verum
1011 2850 1049 2907 nt
1070 2843 1169 2908 simul
1191 2842 1293 2925 ipsius

59 2931 171 3014 graeci
191 2937 303 2996 textus
325 2950 423 3013 quem
445 2929 569 3012 singuli
597 2930 755 2995 exhibent
781 2930 942 2995 rationem
970 2929 1136 2994 haberem.
1181 2926 1294 3009 Quum

59 3017 149 3081 enim
171 3026 285 3082 nostra
313 3023 421 3080 aetate
450 3015 561 3098 plures
590 3016 626 3079 in
653 3016 790 3081 historia
817 3023 929 3080 textus
958 3036 1059 3080 manu
1086 3014 1200 3096 scripti
1221 3035 1296 3098 per·
1392 3030 1398 3037 ’

60 3102 238 3168 scrutanda
266 3102 375 3167 studia
402 3121 463 3167 sna
484 3101 589 3166 multa
617 3123 692 3167 enm
719 3100 816 3167 lande
842 3102 1053 3181 collocarent,
1083 3102 1183 3166 etiam
1205 3102 1296 3186 typis

59 3189 190 3252 exarati
210 3189 279 3253 fata
299 3208 467 3266 enarrare,
498 3188 525 3252 si
547 3188 619 3269 fieri
641 3189 787 3271 potuerit
808 3189 993 3255 accuratius
1022 3209 1121 3272 quam
1153 3208 1173 3252 a
1194 3188 1297 3254 maio-

59 3275 154 3340 ribus
175 3272 209 3338 id
230 3275 353 3340 factum
374 3295 445 3339 esse
472 3294 646 3354 noveram,
676 3296 742 3339 non
770 3273 994 3359 spernendum
1021 3281 1177 3341 conatum
1206 3273 1295 3339 duxi.

46 3359 134 3426 'Iam
156 3359 234 3425 olim
256 3381 357 3443 quum
385 3362 422 3425 in
449 3359 623 3425 tractanda
643 3360 731 3428 Novi
752 3362 957 3427 Testamenti
985 3361 1124 3427 historia
1153 3361 1297 3444 primum

58 3447 147 3512 hanc
174 3447 378 3530 provinciam
406 3446 590 3530 ingressus,
621 3446 700 3530 quid
733 3448 770 3511 in
798 3469 836 3513 ea
866 3448 1006 3514 antehac
1035 3448 1231 3531 praestitum
1254 3449 1298 3512 sit

60 3532 172 3615 paullo
201 3534 363 3599 curiosius
385 3533 621 3616 inspexissem,
653 3555 719 3599 non
741 3534 822 3599 satis
843 3535 957 3599 mirari
979 3535 1071 3617 potui
1100 3541 1170 3598 tam
1192 3534 1298 3599 multa

61 3638 134 3683 esse
156 3639 239 3701 qnae
262 3620 302 3684 ab
325 3620 563 3702 antiquioribus
586 3620 798 3703 scriptoribus
820 3624 945 3687 cursim
967 3632 1001 3686 et
1023 3620 1140 3686 leviter
1162 3629 1297 3700 asserta,

60 3703 216 3770 audacter
245 3712 278 3770 et
306 3725 420 3771 secure
448 3706 532 3770 alter
553 3707 594 3771 ab
616 3706 718 3771 altero
747 3708 945 3772 recentiores
974 3707 1144 3790 accipiant.
1190 3706 1299 3773 Simul

60 3798 267 3873 compertum
289 3790 390 3856 habui
412 3792 584 3875 plerosque
606 3791 705 3858 huius
726 3795 842 3859 aetatis
865 3804 1014 3860 auctores
1044 3793 1141 3858 certis
1163 3793 1298 3876 quibus-

59 3876 137 3942 dam
160 3877 391 3959 praeiudioatis
414 3879 619 3961 opinionibus
640 3876 821 3963 indulgere,
845 3901 927 3964 quae
948 3880 1080 3964 saepius
1097 3879 1134 3943 in
1154 3878 1300 3945 medium

57 3963 208 4048 prolatae
229 3964 296 4028 iam
318 3964 527 4030 firmissimae
549 3964 700 4030 veritatis
721 3966 949 4032 auctoritatem
967 3967 1117 4032 obtinent
1134 3973 1168 4031 et
1188 3975 1300 4032 ratum

57 4049 188 4114 faciunt
209 4048 295 4132 quod
317 4050 396 4115 olim
419 4050 591 4116 Gallorum
614 4052 722 4116 neseio
745 4054 817 4136 quis
840 4054 920 4118 satis
942 4051 1049 4137 lepide
1071 4052 1165 4132 dixit,
1196 4053 1298 4118 histo·

58 4136 146 4201 riam
166 4135 317 4201 fabulam
339 4157 411 4214 esse
433 4135 473 4201 de
495 4138 672 4220 quainter
693 4160 806 4205 omnes
828 4139 1009 4206 conveniat

149 4219 461 4304 splendidissimum
484 4223 582 4289 huius
604 4223 653 4288 rei
675 4224 864 4308 exemplum
886 4224 1038 4310 estquod
1056 4223 1154 4290 hodie
1173 4224 1208 4290 in
1225 4225 1300 4308 plu·

60 4306 157 4374 rimis
178 4307 272 4375 libris
294 4308 478 4375 celebratur
496 4308 536 4375 de
553 4315 639 4374 aaa
652 4317 768 4392 recepto
789 4333 887 4396 quem
905 4311 1029 4379 dicunt.
1062 4310 1197 4378 Scilicet
1214 4311 1302 4395 apud

60 4393 261 4460 recentiores
282 4395 324 4462 N.
341 4397 378 4461 'E
402 4396 510 4480 graeci
533 4395 674 4462 editores
696 4397 754 4463 illo
775 4400 909 4465 nomine
928 4400 1020 4468 venit
1033 4420 1072 4465 ea
1089 4405 1203 4466 textus
1225 4420 1302 4465 oon-

60 4480 216 4547 formstio
244 4502 342 4566 quam
370 4491 448 4548 ante
471 4482 682 4550 Griesbachii
704 4493 847 4553 aetatem
871 4487 906 4550 in
928 4486 1021 4554 libris
1043 4485 1212 4570 impressis
1232 4485 1302 4552 fere

114 4584 210 4634 Bauer,
228 4584 284 4626 Blbl.
297 4585 357 4625 Nost
371 4584 466 4626 Tecum.
480 4585 560 4632 tresel.
1080 4587 1106 4642 χ
