3000 5024
647 1445 765 1502 CdPUT
782 1447 842 1503 XX.

311 1621 672 1720 EDITIONES
701 1616 1181 1721 SCHOLZIANAE.

348 1913 354 1922 ·
483 1932 550 2015 qr.
595 1925 759 1996 sumo
782 1926 1011 1997 sosoma.

154 2141 206 2204 l.*
249 2139 405 2200 LIPSIAE
423 2143 559 2286 mettabel
566 2141 817 2286 &1313th
855 2142 945 2284 1pr
957 2143 1088 2201 Anum
1107 2143 1239 2210 aaut.
1258 2162 1285 2201 α.
1303 2146 1347 2201 Μ.

629 2274 635 2288 .
741 2275 749 2289 .
820 2229 893 2285 torni.
948 2272 956 2289 .

218 2361 266 2427 Io.
294 2359 392 2426 Mart.
417 2361 624 2444 Augustinus
652 2359 824 2429 Scholaius
851 2363 1016 2462 professor
1042 2361 1226 2448 theologiae
1252 2363 1366 2431 catho-

134 2448 215 2517 licae
237 2447 272 2512 in
289 2446 457 2513 academia
474 2447 651 2527 Bonnensi‚
675 2448 729 2514 vir
750 2450 881 2533 euripus
903 2449 1023 2514 criticis
1047 2454 1081 2513 et
1102 2450 1277 2535 exegeticis
1299 2472 1367 2517 nan
1495 2472 1499 2482 “

134 2531 221 2620 apud
240 2555 317 2600 suos
339 2533 424 2599 solos
452 2534 574 2616 clarus,
603 2535 690 2602 hanc
713 2535 753 2602 N.
776 2536 813 2601 Τ.
844 2534 1020 2601 editionem
1048 2536 1161 2602 multis
1188 2536 1307 2604 studiis
1335 2541 1368 2603 st

133 2619 299 2689 laboribus
320 2622 538 2704 praeparavit,
568 2620 721 2688 subsidiis
743 2642 810 2687 non
833 2629 962 2687 tautum
991 2622 1026 2687 in
1075 2623 1204 2688 lurimis
1227 2624 1368 2691 Germa·

134 2708 208 2775 niae
226 2706 356 2774 Galbae
373 2707 566 2773 Britanniae
588 2714 621 2773 et
638 2708 755 2774 Italiae
776 2707 980 2775 bibliothecis
1002 2731 1049 2774 un
1075 2709 1146 2792 'qus
1164 2710 1367 2794 conquisitis,

134 2815 252 2862 verum
273 2793 373 2859 etiam
394 2793 552 2860 itinerum
581 2794 722 2862 fastidiis
750 2801 784 2861 et
809 2795 965 2880 perieulis
991 2816 1050 2878 per
1077 2797 1236 2862 orientem
1264 2797 1367 2864 susci-

134 2879 330 2965 piendorum
351 2900 417 2946 non
440 2882 606 2948 recusatis.
652 2879 741 2948 Sane
763 2890 959 2966 apparatum
987 2881 1135 2949 criticum
1163 2883 1263 2948 etiam
1293 2890 1368 2967 post

136 2967 333 3051 antiquiores
355 2967 437 3032 artis
458 2974 590 3034 nostrae
612 2968 844 3052 antesignanos
866 2988 933 3033 non
955 2988 1072 3051 parum
1100 2967 1312 3052 locupletavit
1333 2975 1369 3035 st

135 3054 168 3119 iu
189 3053 253 3120 hoe
274 3053 357 3119 libro
379 3053 563 3121 luculenter
584 3053 776 3138 dispositum
797 3055 934 3122 curiosis
964 3054 1092 3135 obtulit,
1113 3055 1217 3138 ipsius
1239 3075 1367 3138 quoque

136 3139 332 3226 typographi
358 3139 521 3205 industria
547 3141 725 3207 liberaliter
753 3139 894 3206 adiutus.
938 3141 1053 3206 Minus
1082 3150 1191 3206 autem
1219 3142 1367 3208 virorum

137 3226 303 3294 doctorum
325 3227 484 3311 suffragia
505 3228 648 3312 propriis
670 3228 738 3294 suis
756 3226 873 3293 studiis
891 3227 1086 3307 conciliavit,
1109 3235 1147 3293 ut
1168 3227 1226 3310 qui
1239 3234 1367 3293 textum

122 3312 210 3379 >inde
233 3314 274 3380 ab
296 3312 449 3379 ecclesiae
471 3313 566 3380 cunis
588 3315 711 3379 mirum
731 3314 765 3379 in
789 3313 922 3379 modum
943 3314 1073 3397 integro
1100 3321 1268 3382 servatum
1296 3334 1368 3381 esse

135 3398 355 3478 contenderet,
378 3419 518 3482 eumque
540 3422 607 3466 non
629 3401 677 3466 ita
698 3421 818 3485 magno
840 3400 973 3483 nogotio
995 3401 1125 3466 restitui
1146 3421 1250 3484 posse,
1273 3399 1367 3467 dum-

134 3485 231 3553 modo
254 3482 297 3550 ad
318 3507 357 3552 ea
379 3485 525 3553 subsidia
546 3508 644 3570 quam
666 3488 810 3553 maxima
832 3485 1012 3552 attenderis
1034 3506 1117 3570 quae
1145 3487 1252 3553 rarius
1279 3487 1369 3553 inter

134 3594 167 3640 se
191 3571 392 3639 dissentiunt
413 3579 448 3639 et
468 3573 628 3640 hactenus
656 3579 850 3656 perpetuam
880 3573 972 3656 quasi
999 3574 1132 3640 testium
1161 3580 1195 3640 et
1220 3574 1368 3640 testimo·

131 3660 265 3727 nicrum
293 3659 501 3725 autoritatem
530 3661 645 3726 sistere
674 3660 836 3726 ridentur.
887 3657 1037 3741 Quorum
1066 3658 1258 3742 primordia,
1288 3659 1368 3727 defi·

129 3745 297 3815 cientibus
319 3743 482 3814 codicibus
512 3745 553 3813 ad
575 3746 795 3814 venerabilem
824 3747 921 3812 istam
950 3746 1179 3830 antiquitatem
1200 3747 1367 3831 pertinen-

128 3833 239 3912 tibus,
268 3852 309 3897 ex
336 3832 409 3916 ipsa
435 3832 601 3898 iuniorum
628 3834 787 3900 librorum
816 3832 965 3899 lectionis
994 3834 1192 3912 constantia,
1221 3832 1368 3901 eiusdem

127 3927 235 4003 atque
256 3917 292 3983 hi
294 3918 442 4070 ἔξω
470 3919 571 3986 tuisse
599 3921 679 3986 satis
708 3919 824 3985 audaci
853 3928 886 3984 et
906 3920 1083 3985 temeraria
1109 3921 1296 3987 coniectura
1318 3917 1368 3983 di·

127 4012 263 4073 cuntur.
333 4005 339 4021 '
366 4027 384 4072 c
405 4005 560 4073 effectum
581 4013 632 4073 cst
653 4012 692 4072 ut
707 4005 878 4073 Scholnius
899 4004 1027 4072 codices
1049 4007 1249 4090 antiquiores
1270 4004 1368 4070 hodie

127 4091 329 4177 superstites
348 4113 372 4157 u
429 4097 462 4158 te
483 4092 571 4157 inter
593 4114 664 4160 sese
681 4092 860 4177 plurimum
879 4092 1100 4176 discrepantes
1117 4092 1253 4159 minoris
1270 4090 1369 4175 pretii

127 4177 280 4258 haberet,
302 4177 419 4262 quibus
442 4178 677 4246 Griesbachius
698 4180 772 4263 plus
793 4179 954 4245 tribuerat
982 4178 1088 4245 laudis
1116 4186 1149 4245 et
1171 4178 1366 4245 autoritatis.

129 4263 379 4332 Nihilominus
401 4265 486 4330 alter
507 4267 547 4331 ab
570 4267 674 4331 altero
696 4288 763 4330 non
785 4266 833 4331 ita
857 4266 998 4330 multum
1025 4265 1183 4332 recedunt
1209 4265 1244 4329 in
1273 4271 1367 4329 textu

130 4349 257 4418 talibus
276 4371 319 4417 ex
338 4350 469 4436 legibus
491 4350 732 4432 constituendo,
762 4373 863 4434 quum
891 4353 1024 4419 criticus
1046 4352 1193 4417 Isncnsis
1220 4350 1368 4417 timidius

131 4437 309 4506 lectionem
330 4437 500 4523 vulgatam
522 4439 708 4518 mutaverit,
729 4437 964 4520 lectionemque
986 4437 1154 4505 meliorem
1177 4437 1368 4522 saepissime

134 4525 173 4590 in
189 4525 352 4610 margine
379 4524 606 4592 commendare
635 4525 713 4591 satis
742 4524 905 4603 habuerit,
939 4526 1124 4590 Bonnensis
1152 4546 1230 4590 vero
1257 4531 1367 4590 noster

137 4609 330 4696 simpliciter
349 4612 386 4679 in
407 4618 538 4696 recepta
559 4612 750 4681 substiterit.
782 4611 1048 4679 Praemittuntur
1069 4610 1271 4698 amplissima
1292 4630 1367 4697 pro-
