3000 5024
214 246 274 309 134
735 246 852 304 CAPUT
869 247 917 304 Xl.
1417 248 1446 303 x

208 438 312 501 quum
345 417 456 503 potius
485 417 605 499 virum,
637 439 698 504 per
724 440 846 487 munus
879 442 899 487 a
930 419 1029 488 rebus
1061 419 1127 487 illis
1158 421 1227 486 fers
1253 418 1447 504 theologicis

208 503 364 585 ahenum,
384 526 503 571 vorum
524 511 641 591 sponte
656 512 697 572 et
724 505 887 574 indefesse
912 507 993 573 talia
1019 512 1263 592 prosequutunr,
1292 505 1447 573 laudibus

209 590 327 657 efferre
349 589 548 657 debuissent
745 665 748 669 ,

295 678 421 743 Tantus
438 677 608 744 Fellianus
626 684 677 744 est
697 699 765 745 uuo
786 678 858 745 loco
875 684 1011 761 mutato,
1034 679 1134 763 Apoo.
1156 683 1184 760 3,
1207 681 1255 744 12.
1272 679 1329 746 nbi
1345 678 1446 761 Illae·

209 761 356 832 virorum
379 770 413 829 et
433 763 539 831 Besae
561 763 680 834 vitium
702 764 837 831 deletur.

293 849 413 916 Plures
440 857 588 930 autores,
621 851 709 917 inter
736 871 818 934 quos
845 848 1068 917 Eiohhornius
1095 848 1221 917 Introd.
1251 849 1292 916 V.
1324 853 1383 915 291
1412 858 1446 917 et

208 935 480 1003 Rosenmdllerus
506 937 593 1003 Bibl.
622 937 690 1003 Lit.
720 937 746 1003 1.
778 941 856 1017 330,
885 937 1052 1002 affirmant
1078 937 1165 1004 hano
1192 935 1369 1004 editionem
1396 937 1446 1003 bis

208 1027 323 1107 postea
344 1023 518 1107 repetitam
540 1045 610 1091 esse
631 1023 727 1089 titulo
755 1044 823 1089 non
844 1031 981 1103 mutato,
1003 1024 1051 1089 ita
1072 1032 1110 1089 ut
1129 1044 1206 1090 cum
1229 1022 1343 1090 eadem
1366 1025 1446 1090 anni

208 1114 288 1174 nota
311 1114 363 1174 ter
385 1110 474 1195 typis
503 1130 624 1176 excusa
652 1110 704 1174 sit.
752 1108 830 1174 Alia
858 1110 958 1175 refert
985 1109 1152 1176 Dibdinus
1180 1108 1203 1175 Ι.
1235 1114 1273 1172 a?
1326 1109 1446 1176 rimam

208 1193 386 1262 editionem
408 1195 522 1261 eodem
552 1216 638 1262 anuo
659 1196 711 1262 bis
732 1195 924 1279 impressam
946 1197 1048 1263 fuisse
1069 1195 1189 1263 dicens.
1234 1196 1291 1264 Un
1315 1217 1333 1261 e
1362 1197 1445 1264 haec

208 1280 354 1346 habeant
376 1288 409 1347 et
431 1302 495 1364 quo
517 1281 724 1359 iuredioant
746 1279 897 1365 equidem
918 1282 1043 1349 nescios
1070 1283 1160 1349 Ante
1183 1303 1238 1348 eos
1259 1282 1447 1369 Baumga'r-

209 1366 320 1432 tenius
347 1368 383 1432 in
411 1368 487 1434 Hal.
518 1367 604 1433 Bibl.
632 1367 694 1433 IV.
723 1369 783 1430 206
812 1366 853 1433 dc
881 1368 945 1434 hac
973 1376 1089 1436 nostra
1115 1368 1246 1454 scripsit
1273 1389 1345 1436 esse
1372 1390 1446 1435 eam

209 1453 352 1538 primam
374 1461 408 1519 ct
429 1455 586 1536 optimam
607 1454 754 1538 plurium
775 1453 922 1520 eiusdem
943 1455 1086 1521 nominis
1107 1460 1143 1520 et
1164 1455 1243 1520 anni
1259 1461 1375 1538 postea
1395 1477 1446 1522 re·

210 1561 375 1607 ousarum.
420 1540 517 1623 Quod
540 1540 624 1606 mihi
646 1540 729 1608 satis
751 1546 938 1624 suspectum
961 1540 1047 1606 dixit
1067 1540 1131 1607 Vir
1159 1561 1319 1625 summus,
1344 1562 1446 1626 quum

210 1626 372 1709 quomodo
393 1628 504 1711 plures
530 1628 618 1692 inter
638 1648 674 1693 se
696 1626 852 1711 distingui
874 1634 1009 1710 possent
1030 1626 1060 1693 si
1080 1626 1220 1693 eundem
1247 1648 1375 1693 annum
1395 1649 1446 1695 rc-

210 1713 330 1793 ferant,
361 1714 409 1778 ita
435 1719 474 1777 ut
500 1735 567 1779 una
594 1713 730 1780 caeteris
759 1713 875 1779 melior
905 1720 1063 1797 appareat
1089 1720 1184 1779 textu
1212 1734 1279 1779 non
1308 1720 1446 1796 mutato,

210 1820 307 1864 nemo
327 1799 464 1865 definire
486 1821 585 1866 ausus
607 1801 658 1866 sit.
689 1797 757 1865 Sed
775 1799 817 1865 ad
835 1799 1026 1866 absurdiora
1042 1799 1253 1884 progreditur
1269 1799 1446 1867 Walohius

209 1884 288 1952 bibl.
311 1886 409 1951 theol.
438 1886 497 1952 lv.
529 1889 568 1948 28
598 1887 654 1968 qui
682 1885 784 1951 tradit
813 1884 1012 1969 descriptam
1045 1906 1115 1952 esse
1146 1886 1268 1951 iterum
1295 1894 1330 1952 et
1360 1886 1447 1972 apud

211 1970 406 2054 Lipsiensos
425 1979 460 2038 et
481 1971 568 2056 apud
589 1969 720 2057 Belgas,
742 1993 846 2055 quum
867 1979 977 2038 autem
1000 1970 1146 2038 eiusdem
1168 1973 1247 2038 anni
1275 1980 1356 2038 nota
1378 1994 1447 2039 ser·

211 2064 290 2125 vata
311 2058 355 2124 sit
375 2056 576 2143 eandemque
598 2059 732 2124 chartae
750 2067 967 2144 typorumque
989 2057 1185 2142 elegantiam
1203 2057 1365 2125 editiones
1384 2060 1447 2125 hae

210 2164 291 2228 prae
312 2166 347 2210 se
369 2144 522 2224 habeant,
551 2144 683 2211 difficile
706 2165 777 2210 esso
798 2145 873 2211 illas
900 2166 920 2210 a
948 2167 1027 2212 vera
1047 2144 1299 2211 Mastrichtiana
1326 2144 1448 2211 discer-

212 2250 292 2296 nere
314 2230 377 2296 nisi
401 2232 535 2316 signum
556 2229 720 2314 quoddam
737 2230 944 2298 adhibeatur!
990 2231 1057 2297 Hic
1077 2230 1181 2315 igitur
1201 2239 1297 2297 autor
1314 2231 1448 2298 eviden-

212 2320 265 2387 ter.
288 2317 430 2382 aliorum
451 2318 733 2402 typographorum
755 2317 965 2384 fraudulenta
982 2317 1145 2384 industria
1166 2338 1270 2384 noras
1288 2314 1447 2401 quasdam

213 2400 374 2468 editiones
394 2403 565 2488 evulgatas
587 2423 658 2470 esse
684 2403 741 2468 sed
764 2405 895 2469 nomine
917 2404 1097 2469 Wetstenii
1124 2404 1300 2489 insignitas
1322 2405 1448 2485 innuit;

214 2509 339 2566 verum,
369 2510 499 2573 quaeso,
524 2511 588 2573 quo
615 2499 711 2572 paeto
740 2488 899 2555 editiones
927 2489 1065 2556 diversis
1092 2489 1170 2557 loeis
1196 2490 1376 2574 impressae
1401 2491 1449 2556 ita

213 2581 419 2656 comparatae
441 2597 511 2640 esse
532 2577 715 2659 potuissent
736 2583 774 2643 ut
796 2577 933 2641 alteram
955 2576 996 2642 ab
1019 2577 1122 2642 altera
1139 2576 1241 2643 oculis
1263 2576 1449 2644 discernere

213 2659 269 2727 vel
290 2659 387 2727 hodie
414 2661 579 2745 nequeas?
624 2660 715 2729 Sane
736 2682 898 2746 nusquam
924 2670 1087 2728 terrarum
1109 2662 1365 2730 Mastrichtiana
1392 2686 1449 2731 ex·

214 2747 374 2830 emplaria
395 2748 492 2834 typis,
521 2748 644 2826 charta,
671 2749 869 2833 paginarum
891 2769 1036 2828 numero,
1066 2748 1120 2816 vel
1147 2750 1285 2815 minimo
1315 2748 1449 2817 demum

212 2833 306 2918 signo
329 2841 387 2900 aut
407 2833 526 2900 mendo
547 2835 683 2901 fortuito
705 2836 793 2900 inter
815 2855 850 2901 se
870 2835 1000 2901 diversa
1022 2837 1169 2902 veniunt
1215 2834 1311 2918 Quae
1339 2844 1450 2903 tamen

212 2920 360 2986 omnium
387 2921 654 3004 frequentissima
680 2921 816 2998 suntin
838 2919 1043 2987 bibliothecis
1068 2929 1103 2988 et
1134 2922 1252 3005 quavis
1281 2923 1449 2990 occasione

211 3007 489 3075 venumdentur.
534 3007 621 3073 Mihi
645 3029 732 3091 ergo,
754 3007 881 3073 utiam
903 3006 1027 3073 Goeaio
1056 3017 1100 3091 (p.
1133 3012 1188 3084 59)
1219 3007 1381 3094 quidquid
1411 3009 1450 3075 de

211 3093 265 3160 his
286 3094 414 3161 iteratis
436 3093 636 3160 editionibus
658 3093 800 3160 traditur
820 3115 949 3176 merum
971 3102 1194 3160 commentum
1213 3093 1353 3178 videtur,
1376 3117 1449 3162 nes·

209 3179 260 3248 oio
284 3180 449 3264 quomodo
470 3188 579 3246 ortum
601 3187 889 3264 propagatumque.

300 3267 468 3334 Fortassis
490 3287 605 3332 ansam
630 3266 680 3332 rei
701 3266 854 3351 praebuit
881 3265 966 3349 quod
993 3273 1129 3332 exstant
1156 3288 1273 3334 revera
1301 3265 1367 3333 duo
1394 3289 1450 3335 ex-

215 3353 412 3437 emplarium
434 3374 556 3438 genera
577 3351 722 3420 eiusdem
742 3352 917 3436 primariae
939 3351 1099 3434 editionis,
1118 3352 1259 3419 alterum
1276 3375 1344 3420 uno
1361 3353 1451 3422 volu·

216 3441 304 3504 mine
334 3439 623 3523 comprehensum,
657 3439 798 3504 alterum
830 3438 866 3503 in
893 3437 974 3504 duos
1009 3447 1113 3505 tomos
1145 3438 1298 3506 divisum.
1349 3439 1451 3507 (luins

217 3527 376 3610 postremi
399 3526 531 3610 generis
553 3524 674 3590 librum
696 3524 796 3591 debeo
813 3523 1008 3592 liberalitati
1028 3524 1171 3611 collegae
1197 3524 1277 3592 olim
1297 3527 1453 3606 coniunc-

217 3611 338 3678 tissimi
360 3611 525 3678 Theodori
546 3611 665 3676 Fritzii
685 3610 741 3695 qui
763 3611 998 3678 humanissime
1026 3611 1088 3677 hoo
1116 3611 1201 3679 dono
1229 3619 1263 3678 et
1290 3611 1452 3681 collectio·

217 3720 294 3764 nem
322 3719 432 3763 meam
463 3705 497 3764 et
523 3697 696 3765 scientiam
721 3698 821 3763 auxit.
874 3696 1008 3765 Scilicet
1035 3720 1065 3782 p.
1102 3702 1162 3761 255
1194 3699 1251 3764 lin.
1288 3701 1306 3760 6
1335 3699 1451 3765 finitur

217 3784 426 3869 evangelium
447 3784 582 3849 Ioannis
604 3790 638 3850 55
659 3785 693 3849 in
716 3783 830 3850 eadem
851 3784 1050 3851 inchoantur
1071 3786 1156 3851 Acta
1183 3804 1257 3870 app.
1283 3785 1321 3851 in
1349 3784 1452 3852 altero

217 3870 397 3955 exemplari
404 3894 412 3951 ;
445 3871 481 3936 in
507 3870 610 3936 altero
639 3891 719 3936 vero
746 3869 874 3954 reliqua
900 3869 1022 3954 pagina
1054 3878 1087 3936 et
1112 3868 1190 3937 folio
1214 3891 1310 3938 verso
1337 3871 1452 3938 vacuis

217 3956 340 4024 relictis
361 3958 511 4041 sequitur
540 3976 648 4023 novus
669 3955 785 4024 titulus
806 3977 957 4057 graecus:
980 3957 1032 4036 τῆς
1052 3957 1156 4036 καινῆς
1181 3949 1330 4037 διαθήκης
1359 3947 1453 4022 dedra·

218 4068 268 4128 ρον
288 4041 380 4126 μέρος
402 4050 478 4111 cett.
500 4050 535 4110 et
555 4050 628 4109 tum
650 4042 737 4109 Acta
757 4042 919 4128 incipiunt
941 4042 975 4107 in
998 4043 1130 4127 propria
1151 4064 1211 4110 sua
1227 4044 1352 4130 pagina
1373 4065 1454 4113 eun·

218 4129 292 4197 dem
314 4152 489 4197 numerum
513 4133 573 4194 255
596 4136 740 4216 gerente.
771 4126 949 4195 (laetorum
965 4129 1146 4195 formarum
1168 4131 1358 4216 compositio
1380 4131 1454 4199 abs·

217 4238 280 4302 que
313 4217 405 4283 omni
433 4217 532 4285 dubio
554 4217 670 4284 eadem
696 4221 729 4282 et
750 4235 926 4302 operarum
948 4215 1143 4283 iteratorum
1161 4215 1292 4283 nullum
1313 4238 1456 4303 usquam

218 4303 405 4390 vestigium.
