3000 5024
503 236 704 297 eumeleus
721 238 885 298 spumis.
1248 244 1311 311 287

72 436 178 503 quam
205 414 262 502 qui
291 412 426 482 editioni
453 414 591 481 minoris
624 416 749 482 lormee
781 414 979 483 eonveniret.
1031 413 1070 482 Si
1098 435 1178 500 ergo
1206 413 1313 483 editor

72 504 192 570 eodem
213 512 361 587 tempore
382 500 481 568 telem
502 502 641 588 vulgare
663 502 821 571 voluisset
840 524 907 568 non
928 501 1121 585 simplieiter
1141 502 1313 571 disiunotis

71 591 191 657 formis
218 590 253 655 id
285 590 392 655 faeere
447 589 584 656 eluisset
615 595 655 655 ut
680 611 700 656 a
728 589 932 656 Commelino
965 596 999 654 et
1018 588 1162 657 Reverie
1191 591 1314 657 fautum

71 676 219 743 vidimus
246 673 340 759 (Gap.
441 725 448 740 .
478 678 493 759 1
521 678 550 742 1.
572 675 613 741 N.
646 681 695 741 11.
716 677 835 760 seqq.)‚
866 676 923 742 sed
972 674 1048 742 lane
1073 698 1196 744 novum
1228 698 1312 761 opus

70 762 232 830 inehoere
254 760 427 840 debuisset,
451 763 607 846 impensis
629 763 701 827 sine
728 763 798 827 ulla
824 783 923 829 eausa
947 699 1128 846 duplieetis.
1173 761 1212 829 Si
1234 762 1312 847 quid

71 849 172 916 video
193 846 392 915 Lowndesio
411 847 550 913 humani
571 847 694 932 aliquid
716 848 835 914 aeeidit
855 847 937 914 duos
957 848 1058 915 libros
1078 848 1176 932 plane
1203 849 1312 918 diver·

71 956 128 1003 sos
146 932 368 1002 eonfimdenti.
402 933 488 999 Nam
511 954 549 999 eo
571 934 642 1019 ipso
663 956 749 1001 enno
772 932 871 1001 editio
892 935 1054 1002 versionis
1077 935 1311 1002 alexandrinae

71 1020 247 1175 Grabiffia
268 1020 367 1087 simul
387 1019 425 1085 in
446 1022 552 1088 forma
572 1022 718 1087 maxima
739 1022 830 1087 etin
851 1026 976 1089 outonis
997 1020 1095 1089 tomis
1116 1022 1169 1087 IV
1188 1022 1312 1107 publici

70 1107 155 1174 iuris
229 1115 263 1173 11
283 1115 341 1173 est.

328 1292 378 1353 14.
423 1290 593 1351 eorum.
624 1292 715 1356 1708.
737 1296 1055 1370 1111111111.

158 1426 257 1492 Η111
279 1425 368 1492 solus
390 1426 560 1493 Mesehius
581 1449 611 1511 p.
636 1431 697 1490 151
721 1429 792 1494 sine
813 1435 897 1495 teste
925 1433 1074 1494 recenset
1103 1427 1197 1510 quasi
1221 1449 1311 1494 mere

74 1532 235 1600 greeeam.
270 1511 339 1579 Sed
361 1514 427 1577 iam
449 1511 593 1579 Lorekio
615 1524 766 1599 suspecta
788 1522 868 1595 eret,
892 1522 925 1580 et
946 1516 975 1580 si
995 1513 1207 1598 perpenderis
1228 1535 1311 1598 quae

75 1600 115 1665 de
137 1598 335 1666 editionibus
357 1597 523 1666 Gothenis
540 1600 610 1665 dixi
628 1600 708 1687 (lep.
727 1601 791 1668 XI.
811 1604 826 1686 ξ
846 1610 873 1667 3.
893 1601 935 1667 N.
959 1605 999 1665 58
1017 1601 1075 1668 vix
1091 1601 1165 1667 viro
1181 1621 1311 1667 summo

73 1686 231 1753 assentire
251 1684 463 1752 dubitaveris.
680 1710 682 1715 ·

507 1873 524 1931 7
530 1873 557 1934 5.
601 1868 765 1936 LIPSIAE.
792 1872 884 1932 1708.

159 2004 408 2075 Graeeo-latina
435 2006 579 2088 Bouana,
610 2014 722 2075 autore
751 2009 802 2075 Le
830 2006 967 2092 Longio.
1012 2004 1122 2088 Quam
1148 2006 1215 2073 iam
1236 2007 1309 2075 Ma-

72 2094 184 2163 sobius
206 2092 400 2177 repudiavit
694 2114 698 2127 ¹

273 2280 278 2287 ’
408 2279 458 2341 76.
500 2279 656 2338 LIPSIAE
689 2281 779 2342 1709.
806 2278 980 2353 119111.

159 2413 350 2484 Seeundum
372 2415 423 2481 Le
435 2415 603 2501 Lengium
620 2438 651 2500 p.
677 2418 737 2478 225
761 2420 795 2480 et
816 2415 1002 2483 Masehium
1024 2436 1055 2498 p.
1080 2417 1142 2477 280
1165 2413 1221 2499 qui
1241 2415 1309 2481 Re-

72 2501 348 2588 ehenbergianam
381 2500 504 2568 dieunt.
557 2502 664 2568 Nemo
697 2501 796 2567 talem
836 2514 980 2587 unquam
1012 2501 1095 2570 vidit
1127 2507 1161 2566 et
1191 2502 1309 2568 merito

69 2587 236 2655 Iurekius
255 2588 330 2655 Be.
353 2589 380 2654 I.
405 2592 476 2652 451.
499 2587 545 2653 II.
565 2593 632 2652 475.
651 2587 782 2655 dubiem
810 2588 921 2655 hebet.
965 2589 1016 2654 Tu
1045 2586 1182 2655 candide
1207 2588 1311 2655 leetor

74 2675 215 2761 repende
236 2681 345 2742 teeum
368 2674 464 2758 quale
485 2681 670 2741 monstrum
691 2675 768 2740 libri
791 2674 855 2742 iste
876 2676 1006 2756 faceret,
1035 2696 1136 2761 quum
1157 2675 1310 2742 Reehen·

74 2758 179 2848 bergii
200 2760 301 2828 editio
322 2782 413 2828 mere
434 2780 554 2846 graeea
576 2762 715 2828 eusdem
737 2763 815 2828 1111
843 2767 876 2828 11
902 2763 940 2828 in
961 2761 1120 2828 duodenis
1149 2762 1310 2846 impressa

78 2853 157 2911 1124
178 2848 317 2941 paginas
337 2847 471 2916 habeat!

420 3033 470 3096 77.
513 3021 771 3093 nemnem.
803 3034 894 3097 1709.
919 3034 967 3097 12.

159 3167 211 3236 Le
233 3167 385 3255 Longius
406 3189 438 3252 p.
462 3172 534 3248 115,
556 3189 635 3236 vero
657 3188 726 3233 non
747 3168 783 3234 in
806 3189 865 3234 suo
887 3168 1003 3235 indice.
1048 3165 1219 3233 Masehius
1240 3167 1308 3232 Re·

76 3253 349 3340 ohenbergienam
371 3254 452 3322 dioit
467 3277 504 3339 p.
528 3258 589 3318 156
611 3256 781 3340 inseioque
809 3265 842 3320 et
863 3255 971 3322 invite
994 3254 1118 3320 editore
1139 3253 1308 3337 Lipsiensi

76 3342 318 3427 typographum
335 3342 610 3408 Ratisbonensem
632 3342 718 3408 hane
747 3362 942 3426 procurasse
964 3340 1027 3407 sibi
1048 3337 1232 3424 persuadet,
1250 3338 1308 3405 sed

76 3427 162 3493 unde
184 3429 218 3494 id
241 3428 362 3495 hebeat
382 3449 450 3494 non
473 3428 560 3495 dieit.
583 3428 748 3495 Lorokius
769 3429 803 3495 ll.
826 3429 860 3493 ll.
883 3429 1030 3513 spuriam
1052 3426 1161 3494 habet.

456 3623 505 3684 78.
550 3616 762 3682 TUBINGAE‘
784 3624 875 3684 1739.
900 3623 928 3684 8.

159 3754 246 3823 Vide
264 3777 346 3840 quae
364 3756 405 3822 de
421 3755 627 3841 Bengeliane
644 3776 672 3821 a.
696 3760 774 3818 1138
798 3756 943 3824 diximus
961 3754 999 3823 (1.
1017 3754 1114 3823 XIV.
1136 3755 1151 3839 ξ
1172 3756 1201 3821 5.
1220 3752 1260 3823 N.
1281 3759 1310 3822 6.

477 3966 526 4028 79.
569 3966 734 4030 LIPSIAE.
768 3966 857 4029 1745.
882 3969 911 4032 8.

159 4083 259 4152 Hune
287 4106 412 4151 annum
438 4083 607 4171 catalogus
628 4085 837 4153 Lorekianus
863 4086 991 4171 primae
1014 4081 1308 4169 Sehoettgenianae

75 4172 230 4257 assignat,
253 4172 310 4255 qui
333 4178 516 4237 tamenest
540 4175 620 4233 1141
648 4180 681 4238 11
708 4173 818 4256 potius
845 4173 966 4240 vitium
995 4171 1181 4255 scriptionis
1209 4191 1308 4254 quam

73 4279 199 4328 novum
219 4257 356 4324 titulum
377 4259 511 4327 subesse
532 4279 615 4325 reor.

476 4451 525 4515 80.
570 4451 733 4513 LIPSIAE.
760 4454 849 4518 1749.
874 4453 902 4517 8.

159 4565 473 4657 Sehoettgenienam
513 4571 611 4638 aliam
645 4571 687 4639 ad
720 4573 809 4640 buno
842 4593 966 4640 annum
1003 4571 1105 4639 refert
1136 4567 1305 4640 Masehius

72 4657 165 4727 nullo
186 4665 270 4726 teste
291 4658 399 4726 ellato.
445 4657 549 4726 (iuius
571 4658 725 4728 editionis
746 4659 876 4727 nullum
897 4680 1034 4745 usquam
1056 4659 1235 4746 vestigium
1253 4681 1304 4727 re·
