3000 5024
731 261 848 318 caPUT
867 261 900 314 V.

428 549 442 630 §
466 550 494 613 5.
539 541 793 612 EDITIONES
820 542 1207 613 SELFISOHIANAE.

361 737 409 797 m.
454 739 706 797 manuascha
725 737 1088 813 imperialissima.
1122 737 1210 796 1583.
1242 739 1271 797 a.

434 836 747 900 *insaniarum
765 844 837 915 apa
853 842 1014 912 saraia.
1047 840 1135 899 1583.
1167 840 1195 897 a.

281 1016 418 1082 Dahae
440 1017 581 1084 editione
604 1017 689 1084 nulli
712 1018 845 1083 omnino
867 1016 1169 1101 bibliographorum
1191 1018 1325 1102 cognita
1353 1040 1437 1103 opus

198 1108 249 1167 est
270 1110 306 1167 ut
323 1103 433 1185 paullo
454 1104 559 1169 fusius
580 1104 747 1170 disseram.
792 1103 962 1168 Maschius
980 1103 1026 1184 (p.
1051 1100 1127 1187 303)
1149 1103 1328 1170 editionem
1347 1107 1437 1173 eius·

198 1186 273 1252 dem
296 1187 460 1255 Selfisehii
481 1197 597 1255 nactus
614 1212 697 1272 quae
715 1210 840 1253 annum
861 1193 941 1251 1600
959 1189 1142 1271 profitetur,
1165 1211 1267 1272 quum
1285 1191 1320 1256 in
1339 1212 1437 1275 prae·

196 1273 320 1339 satione
341 1275 467 1358 legeret
489 1296 560 1340 esse
581 1275 758 1342 secundam
781 1274 822 1339 ab
845 1272 957 1338 eodem
980 1271 1103 1339 editore
1124 1282 1341 1358 procuratam,
1375 1299 1435 1344 au-

198 1357 309 1425 dacter
327 1363 467 1443 primam
487 1383 576 1425 anno
601 1365 681 1424 1604
705 1361 891 1444 adsignavit
912 1380 1009 1442 quam
1026 1380 1131 1441 paene
1153 1361 1300 1444 ignotam
1322 1364 1435 1446 appel-

196 1445 251 1509 lat.
288 1444 376 1511 Sane
399 1469 440 1511 ex
462 1448 662 1529 praefatione
684 1449 836 1512 secandae
852 1446 973 1528 absque
996 1445 1086 1509 omni
1108 1444 1206 1511 dubio
1228 1448 1356 1529 primae
1375 1471 1435 1515 ex·

198 1530 347 1596 sistentia
369 1532 543 1616 colligitur,
565 1555 681 1600 verum
703 1533 743 1597 de
766 1552 853 1596 anno
874 1532 919 1596 ibi
940 1531 1036 1595 nihil.
1076 1530 1148 1596 Iam
1177 1532 1329 1616 equidem
1350 1535 1436 1601 mihi

197 1615 318 1700 aliquid
341 1620 461 1684 certius
484 1618 523 1682 de
545 1619 606 1685 hac
629 1641 664 1684 re
687 1619 806 1684 afferre
828 1637 922 1699 posse
945 1615 1067 1682 videor.

282 1721 404 1785 Exstat
425 1722 460 1785 in
482 1721 670 1787 collectione
687 1742 763 1785 mea
785 1720 952 1802 exemplar
970 1718 1131 1802 quoddam
1153 1721 1190 1785 in
1211 1719 1305 1788 cuius
1322 1722 1434 1790 fronte

196 1806 388 1887 simpliciter
409 1807 547 1889 legitur:
571 1808 703 1874 Novum
724 1806 801 1872 Iesu
823 1805 950 1872 Christi
973 1805 1220 1871 Testamentum
1247 1810 1433 1891 graeco-la·

196 1891 303 1956 tinum
337 1893 413 1958 Des.
448 1894 588 1959 lirasmo
621 1896 809 1976 interprete.
859 1890 1098 1956 Amstelodami
1130 1894 1219 1976 typis
1246 1893 1434 1978 Iegerianis

195 1998 282 2042 anno
309 1982 398 2043 1583.
445 1979 576 2046 Titulus
598 1981 652 2046 hia
674 1980 710 2042 in
732 1978 846 2044 charta
867 1975 993 2060 belgica
1018 1976 1105 2042 bona
1127 1984 1161 2042 et
1182 1976 1256 2043 alba
1284 1982 1434 2066 exscrip-

195 2069 259 2142 tus,
283 2063 366 2128 liber
385 2065 456 2148 ipse
478 2069 514 2129 in
535 2066 628 2131 foeda
654 2072 687 2130 et
714 2063 858 2130 subcana
885 2083 966 2144 quae
994 2070 1139 2129 veterem
1166 2069 1316 2130 nostram
1344 2066 1433 2134 Ger·

194 2150 337 2214 maniam
359 2151 424 2216 olet
445 2152 579 2235 eiusque
607 2160 711 2216 artem
734 2148 1014 2234 typographicam,
1037 2149 1143 2231 qualis
1164 2155 1245 2216 tunc
1272 2155 1432 2237 temporis

194 2234 264 2312 fuit,
287 2238 496 2302 noscentibus
519 2239 624 2319 primo
653 2237 768 2301 obtutu
789 2240 1023 2318 repraesentat.
1068 2235 1312 2301 Praefationem
1334 2259 1432 2323 praa-

193 2320 294 2384 mittit
321 2323 548 2406 typographus
577 2346 619 2388 ex
647 2345 711 2407 qua
739 2322 910 2404 sequeutia
938 2327 1030 2386 notes
1056 2320 1172 2387 velim:
1202 2325 1431 2402 „mamaeam

194 2404 379 2471 didiiearam
406 2409 441 2472 ia
463 2410 568 2488 capita
596 2430 657 2474 aaa
683 2408 784 2474 solam
814 2408 869 2472 sed
886 2411 913 2470 ei
940 2407 976 2470 ia
1003 2407 1170 2472 uersiaados
1198 2409 1431 2477 distinctionem

192 2491 396 2556 utilissimam
418 2514 483 2559 esse
510 2515 597 2559 memo
617 2516 679 2560 aaa
706 2495 808 2559 uidet.
823 2540 829 2554 .
844 2541 868 2558 ..
882 2492 965 2574 qaod
991 2512 1087 2572 qaam
1113 2513 1232 2559 mecam
1254 2498 1431 2576 perpende·

192 2597 257 2641 rem
278 2579 399 2643 deereai
420 2584 448 2644 et
463 2581 530 2662 ipae
551 2580 677 2644 tamdem
700 2579 741 2643 N.
768 2580 802 2644 Τ.
825 2580 871 2643 ila
898 2579 1079 2643 distinctam
1100 2579 1137 2644 ia
1158 2579 1257 2646 lacem
1283 2581 1429 2650 emittere.

192 2662 237 2727 Et
257 2666 406 2745 qaoaiam
431 2667 468 2730 ia
489 2666 694 2730 mansiatiaoe
723 2665 823 2730 latina
848 2683 934 2730 voces
961 2664 1120 2729 iaierdam
1148 2673 1316 2732 occurrant
1345 2688 1430 2751 qaae

193 2770 255 2814 aaa
276 2751 397 2815 samia
412 2771 522 2833 praeca
545 2752 619 2836 (sic)
631 2796 718 2817 .....
730 2751 788 2815 has
810 2750 970 2832 siapalari
991 2754 1132 2832 ipporam
1151 2772 1261 2834 pecare
1283 2751 1338 2840 [eo
1364 2756 1428 2822 eai-

191 2835 267 2901 licet
294 2835 379 2917 quod
407 2858 467 2901 nos
495 2838 661 2903 cursivum
688 2838 757 2902 sire
783 2836 929 2900 italicum
962 2835 1179 2924 appellamus]
1203 2841 1429 2920 perimendas

191 2922 310 2987 aaroni.
356 2922 480 2989 Addidi
502 2924 707 2988 materiarum
725 2922 881 2988 similium
905 2919 938 3006 [i.
962 2942 989 2986 e.
1007 2922 1155 2987 locorum
1178 2925 1428 3008 parallelorum]

191 3007 391 3072 harmoniam
412 3010 446 3073 ira
463 3011 612 3092 marpiae.
653 3009 743 3074 Vitas
765 3007 1023 3090 eaaapeiisiaram
1040 3013 1068 3072 et
1089 3010 1296 3090 apostoloram
1313 3013 1427 3079 adieci.

193 3091 337 3177 Siapalis
355 3095 509 3176 capitibus
526 3095 703 3159 summaria
714 3093 870 3178 praemisi
883 3142 991 3158 ......
1006 3094 1117 3158 addita
1135 3101 1179 3160 est
1190 3097 1284 3161 etiam
1300 3118 1429 3165 samma

190 3179 292 3244 drevic
313 3182 408 3245 totius
424 3181 595 3265 reliqioais,
616 3201 672 3247 aec
697 3201 757 3245 aaa
778 3179 942 3261 explicatio
963 3180 1179 3246 uocabulorum
1207 3181 1429 3264 difficilimum

190 3266 301 3330 ardiae
323 3266 512 3346 alphabetico
534 3272 667 3332 tractata
688 3269 790 3331 caatt.“
823 3266 920 3329 Patet
941 3287 983 3330 ex
1005 3266 1058 3330 his
1080 3267 1327 3352 typographum
1350 3291 1427 3337 ver-

190 3350 367 3416 siculorum
389 3352 597 3418 distinotione
619 3352 767 3417 adhibita
794 3371 916 3417 novum
945 3351 1068 3434 aliquid
1096 3359 1129 3416 et
1156 3352 1218 3420 sibi
1245 3355 1428 3438 gloriosum

189 3436 303 3501 fecisse
325 3437 387 3503 sibi
409 3440 518 3505 visum
538 3460 617 3518 esse,
646 3438 732 3520 quod
750 3443 861 3501 tamen
883 3437 971 3501 inter
992 3438 1200 3504 Reformatos
1221 3460 1280 3522 per
1301 3441 1428 3509 Bezam

189 3521 401 3588 iamdudum
424 3525 596 3609 vulgatum
617 3525 733 3601 fuerat,
761 3523 898 3586 minime
923 3544 1003 3589 vero
1025 3524 1062 3587 in
1090 3525 1235 3590 coetibus
1256 3527 1427 3595 Luthera-

189 3629 316 3688 norum,
338 3609 425 3692 apud
442 3632 522 3694 quos
544 3633 583 3675 ea
600 3618 707 3675 aetate
729 3609 887 3674 editiones
905 3609 1159 3692 graeco-latinas
1177 3611 1285 3678 nullas
1306 3614 1344 3678 in
1360 3635 1428 3682 usu

188 3694 289 3758 fuisse
311 3696 500 3760 memineris
527 3697 592 3761 nisi
615 3718 669 3761 eas
692 3715 772 3779 quas
799 3694 911 3777 plures
939 3696 1059 3760 fecerat
1080 3695 1283 3781 Voegelinus
1311 3699 1427 3783 Lipsi-

189 3781 277 3845 ensis
299 3779 392 3865 (Oap.
415 3781 477 3846 VI.
500 3785 514 3866 6
541 3784 571 3864 1)
594 3804 677 3864 quae
700 3801 814 3846 omnes
844 3801 883 3844 ea
905 3780 1111 3846 distinctione
1134 3789 1256 3863 carent,
1284 3785 1344 3849 sed
1363 3786 1427 3853 ha·

188 3865 269 3930 bont
296 3867 429 3931 Erasmi
456 3869 640 3934 versionem
668 3875 701 3932 et
729 3871 939 3950 argumenta,
969 3866 1174 3932 harmoniam
1202 3869 1237 3933 in
1264 3872 1426 3955 margine,

187 3950 275 4016 vitas
297 3953 575 4036 evangelistarum
598 3960 631 4018 et
653 3953 792 4018 indicem
820 3951 994 4016 latinitatis
1021 3951 1222 4038 theologicae
1249 3961 1288 4022 ut
1308 3964 1427 4025 nostra

188 4058 323 4120 quoque.
378 4038 544 4122 Sequitur,
573 4061 648 4105 eum
676 4039 733 4122 qui
759 4037 839 4102 talia
868 4038 1055 4120 promiserit
1081 4041 1327 4125 typographum
1356 4065 1425 4110 non

187 4123 424 4190 Amstelodami
446 4126 503 4191 sed
525 4127 560 4190 iu
573 4125 754 4191 Germania
776 4123 970 4189 Lutherana
987 4124 1210 4206 quaerendum
1233 4148 1312 4194 esse.
1349 4128 1425 4195 Iam

188 4230 262 4274 eum
294 4211 367 4276 istis
395 4233 514 4294 quaeso
542 4212 690 4277 conferas
718 4230 800 4293 quae
828 4210 988 4275 Erasmus
1017 4208 1216 4291 Schmidiue,
1249 4212 1425 4282 literarum

187 4315 378 4379 graecarum
400 4299 562 4380 professor
583 4297 840 4379 Vitebergensis,
862 4294 902 4359 de
924 4294 1066 4360 editione
1088 4295 1254 4364 Selfisahii
1284 4304 1424 4369 reeaada

187 4401 214 4445 a.
241 4386 321 4444 1605
345 4385 465 4450 emissa
485 4385 667 4467 praefatur:
697 4382 796 4462 „Edit
813 4401 894 4446 amaa
910 4381 1043 4447 iterum.
1058 4430 1082 4448 ..
1096 4432 1102 4446 .
1117 4381 1150 4449 S.
1172 4383 1300 4466 Selfisad
1321 4387 1364 4453 N.
1384 4389 1422 4453 Τ.

185 4487 232 4549 pr.
255 4467 308 4531 lat.
332 4489 393 4533 aaa
414 4475 535 4534 tamam
564 4475 634 4552 tppo
657 4468 791 4550 elepaati
802 4517 891 4531 .....
904 4468 958 4533 sed
984 4473 1012 4532 et
1038 4469 1202 4536 versieulis
1231 4472 1423 4556 distinctam,

187 4552 366 4618 aoealaram
387 4555 561 4621 latinarum
582 4574 662 4635 qaas
689 4555 732 4618 ad
750 4573 876 4618 seusam
896 4555 1133 4635 exprimendam
1155 4576 1314 4624 mammeae
1343 4579 1423 4643 opas

175 4637 249 4716 fait
265 4640 356 4705 meda
377 4642 530 4725 praplaieo
551 4643 727 4721 discretam,
756 4640 960 4705 materiarum
989 4640 1144 4707 similium
1172 4641 1421 4716 harmonia...
1483 4648 1488 4657 '
