3000 5024
66 228 96 285 ‘F
388 224 584 288 homelias
603 224 978 291 TISCHENDORFIANAE.
1241 234 1305 297 257

66 407 293 487 constitutum,
315 405 373 472 sed
395 405 511 471 iisdem
533 406 722 489 saepissime
744 418 989 492 repugnantem.
1035 406 1111 489 Ipse
1133 406 1222 470 enim
1247 406 1307 470 Vir

66 492 287 573 doctissimus,
310 499 380 558 tam
407 492 444 555 in
477 490 681 558 dedicatione
710 492 752 558 ad
775 494 872 559 Dion.
896 494 982 577 Aug.
1005 492 1099 557 Affrc
1126 491 1307 576 archiepis·

66 598 190 663 copum
206 579 428 646 Parisiensem
447 578 578 661 scripta,
601 599 698 662 quam
720 581 756 644 in
777 580 980 664 praefatione
998 578 1039 644 ad
1058 578 1205 658 lectores,
1230 598 1307 643 nar·

66 674 123 731 rat
141 665 177 730 id
198 665 263 732 sibi
284 665 485 749 propositum
507 665 608 729 fuisse
630 666 664 730 in
688 666 749 733 hoc
776 687 881 749 opere,
905 664 1064 732 suadente
1092 673 1127 731 et
1153 665 1307 731 hortante

66 751 101 819 J.
124 750 166 817 N.
189 752 317 837 Iagero,
345 751 500 817 canonico
522 750 667 816 eiusdem
697 752 851 819 ecclesiae
880 751 1084 832 cathedralis,
1114 758 1152 817 ut
1179 757 1307 816 textum

68 858 227 923 graecum
248 838 289 904 N.
313 838 350 902 a.
374 835 473 902 talem
495 837 720 919 constitueret,
744 840 808 922 qui,
838 839 1023 922 ubieunque
1056 839 1191 903 testium
1221 837 1307 902 anti·

68 944 211 1009 quorum
232 924 407 990 autoritate
428 923 502 1010 fieri
523 931 641 1006 posset,
664 946 760 1008 quam
782 926 932 1008 proxime
963 924 1132 991 accederet
1159 924 1200 989 ad
1222 923 1307 988 Vul-

68 1016 182 1095 gatam
202 1009 351 1075 latinam.
391 1007 490 1090 Quod
512 1009 590 1073 olim
612 1010 652 1075 N.
677 1010 861 1077 heinardus
883 1018 1070 1077 tentaverat
1091 1031 1182 1093 opus,
1206 1008 1308 1075 ecele-

67 1097 138 1163 siae
160 1117 240 1162 suae
261 1094 439 1163 commodis
461 1095 542 1160 utile
564 1103 665 1178 ratus,
688 1096 749 1163 hoc
777 1098 843 1162 iam
865 1098 988 1162 maiore
1011 1096 1232 1162 subsidiorum
1254 1116 1307 1160 co-

66 1183 125 1268 pia
145 1182 327 1249 instructus
349 1179 613 1248 Tischendorfius
636 1203 810 1268 aggressus
841 1191 904 1265 est;
932 1183 1031 1249 simul
1053 1203 1246 1268 graecarum
1269 1181 1308 1245 li·

68 1276 218 1336 terarum
240 1266 386 1334 studium
407 1266 495 1351 apud
517 1268 692 1335 catholicos
714 1269 843 1335 Galliae
872 1270 1042 1354 theologos
1064 1271 1183 1335 mirum
1205 1290 1308 1352 quan·

68 1363 143 1422 tum
166 1354 356 1421 adiuturum
378 1375 413 1420 se
436 1375 586 1437 sperans:
616 1376 695 1438 quos
724 1365 836 1420 tamen
855 1356 891 1421 in
923 1357 964 1422 iis
995 1355 1138 1421 colendis
1166 1355 1308 1420 multum

69 1441 192 1509 exinde
213 1440 389 1507 desudasse
410 1461 505 1505 nemo
527 1442 668 1507 rescivit.
714 1441 840 1507 Verum
868 1442 1031 1507 siminus
1060 1442 1136 1521 illis,
1166 1450 1200 1506 at
1233 1441 1307 1506 aliis

16 1568 22 1583 ι
67 1528 220 1614 pluribus
242 1535 370 1613 gratam
392 1548 462 1592 rem
485 1546 561 1591 eum
583 1528 746 1593 laetarum
768 1529 869 1593 fuisse
892 1527 1025 1606 dixeris,
1048 1528 1076 1592 si
1098 1529 1207 1610 ipsum
1224 1527 1308 1591 Hie·

68 1615 204 1700 ronymi
226 1613 438 1698 archetypon,
467 1619 630 1678 certorum
663 1614 868 1698 quorundam
900 1614 1048 1681 codicum
1080 1634 1141 1698 opo
1169 1612 1209 1677 ad
1238 1614 1308 1679 eius

69 1701 259 1768 versionem
281 1701 416 1784 propius
438 1699 671 1781 accedentium,
694 1703 856 1784 refingere
878 1699 1114 1784 quodammodo
1136 1706 1193 1764 aut
1214 1697 1308 1766 volu-

69 1788 152 1855 isset
181 1795 239 1854 aut
268 1787 434 1870 potuisset
479 1783 546 1851 Sed
574 1787 631 1869 qui
664 1786 729 1852 tale
761 1786 884 1869 aliquid
917 1786 1014 1851 hodie
1040 1785 1234 1864 intenderet,
1267 1784 1308 1848 iis

69 1895 150 1941 usus
171 1872 368 1939 adiumentis
391 1871 506 1957 quibus
528 1893 587 1955 pro
608 1879 755 1955 tempore
777 1872 967 1956 gaudemus,
990 1893 1122 1955 operam
1145 1880 1178 1936 et
1200 1870 1308 1936 oleum

68 1960 232 2045 perderet.
266 1958 458 2024 Memineris
480 1958 588 2040 ipsum
610 1958 775 2043 Vulgatac
798 1966 928 2024 textum
950 1959 1067 2024 misere
1090 1957 1307 2040 depravatum

69 2054 103 2113 et
124 2047 288 2112 incertum
310 2066 390 2123 esse,
425 2053 457 2107 et
479 2042 723 2109 Clementinam
753 2046 904 2123 maxime,
936 2045 992 2127 qui
1021 2044 1174 2110 eeclesiae
1196 2043 1308 2109 catho-

68 2132 154 2198 licae
175 2131 383 2197 authenticus
405 2136 455 2194 cst
477 2138 510 2194 et
531 2129 745 2212 invariabilis,
768 2152 846 2214 praa
869 2131 1005 2196 caeteris
1032 2136 1221 2214 suspectum
1248 2128 1306 2194 ha·

69 2216 143 2285 beri
166 2216 290 2283 debere.
336 2215 402 2298 Qui
425 2215 489 2280 nisi
521 2216 611 2298 prius
644 2216 850 2299 aliquatenus
879 2222 1037 2300 purgatus
1065 2217 1173 2296 fucrit,
1204 2222 1238 2281 et
1265 2214 1307 2280 ad

69 2304 247 2388 pristinam
279 2324 375 2369 suam
405 2304 544 2367 formam
576 2302 737 2382 redactus,
769 2303 826 2367 vix
854 2302 973 2386 dignus
1001 2300 1132 2369 videtur
1154 2323 1251 2385 quem
1273 2302 1309 2365 in

69 2390 276 2457 restituendo
308 2395 405 2454 textu
437 2408 554 2472 macco
583 2389 844 2472 Hieronymiano
878 2389 1034 2471 sequaris.
1085 2390 1170 2453 Tum
1198 2388 1308 2467 etiam,

71 2477 129 2543 ubi
150 2475 247 2541 latini
268 2475 429 2542 sermonis
456 2475 540 2538 ratio
563 2473 605 2540 ad
627 2476 794 2541 variantes
816 2478 924 2559 graeci
950 2475 1105 2540 lectiones
1127 2473 1308 2540 diiudican-

70 2560 131 2628 das
160 2582 228 2628 non
256 2561 396 2639 valebat,
428 2559 533 2626 editor
566 2582 631 2625 non
664 2569 770 2628 certos
798 2561 954 2645 quosdam
980 2561 1106 2628 codices
1133 2561 1210 2627 alibi
1238 2582 1308 2626 ma·

69 2648 162 2714 xime
182 2647 401 2731 latinizantes,
428 2647 448 2710 i.
472 2667 498 2710 e.
521 2666 596 2711 cum
617 2646 765 2731 Vulgata
786 2649 1036 2728 consentientes,
1064 2655 1221 2730 sequutus
1249 2654 1307 2727 est,

70 2733 130 2802 sed
151 2755 249 2801 suum
270 2740 398 2799 textum
419 2732 628 2816 Lipsiensem
651 2733 717 2799 alia
737 2734 835 2818 plane
863 2735 935 2818 lege
962 2741 996 2800 et
1023 2734 1157 2800 consilio
1187 2733 1308 2799 consti-

69 2828 184 2888 tutum
206 2820 397 2903 simpliciter
418 2820 570 2885 servavit.
615 2819 726 2902 Igitur
752 2843 832 2904 opus
861 2821 933 2899 hoc,
962 2828 1000 2886 ut
1021 2842 1108 2885 nunc
1138 2826 1196 2899 ost,
1223 2818 1308 2883 nihil
1411 2842 1415 2849 ·

70 2905 163 2973 aliud
184 2907 301 2986 effecit,
324 2904 390 2971 nisi
410 2910 450 2970 ut
471 2905 534 2969 Vir
560 2927 687 2970 summe
715 2905 911 2971 venerabilis
938 2906 1001 2971 isto
1023 2907 1160 2989 Iagarus
1186 2908 1222 2968 in
1248 2926 1308 2970 sua

69 2994 190 3060 ultima
218 2992 419 3077 praelatione
441 2990 607 3074 Vulgatae
629 2990 779 3056 Tridenti
808 2992 1018 3057 canonizatao
1045 2990 1159 3055 laudes
1191 3010 1307 3056 canere

69 3079 170 3165 pleno
192 3100 248 3145 ore
269 3079 421 3162 potuerit,
450 3083 483 3142 et
516 3084 625 3142 textus
659 3078 768 3161 graeci
796 3077 1015 3157 autoritatem,
1045 3081 1157 3159 utpote
1185 3076 1308 3143 criticis

69 3165 240 3232 laboribus
263 3165 369 3248 magis
397 3162 604 3229 sollicitatam
631 3185 729 3246 quarn
762 3164 951 3243 stabilitam,
975 3163 1098 3229 derisui
1126 3162 1245 3227 habere
1274 3170 1308 3227 et

68 3260 292 3331 contemnere,
311 3250 626 3333 scilicettheologiae
646 3250 1032 3333 pseudo-reformatorum
1049 3247 1307 3314 fundamentum.

157 3337 270 3403 Editio
292 3346 342 3403 est
364 3335 612 3419 graeco-latina,
641 3338 730 3420 typis
760 3357 818 3419 pro
841 3336 946 3400 forma
974 3334 1051 3401 libri
1079 3333 1308 3400 minutioribus

67 3446 237 3511 expressa.
276 3423 331 3489 Ad
352 3423 471 3488 calcem
494 3421 667 3487 exhibetur
687 3422 836 3488 lectionis
858 3420 1076 3504 Stephanioae
1098 3429 1132 3486 et
1153 3420 1308 3487 Griesba·

66 3515 209 3583 chianae
230 3511 381 3578 varietas.

157 3604 207 3664 De
228 3604 340 3662 textus
369 3595 477 3678 graeei
500 3593 766 3675 conformatione,
795 3616 895 3679 quum
924 3595 992 3660 fere
1018 3592 1142 3661 nullius
1170 3593 1307 3662 eruditis

69 3685 230 3754 momenti
252 3685 294 3748 sit
315 3680 413 3766 (quod
436 3689 546 3746 tamen
569 3702 648 3764 paco
671 3679 920 3748 duumvirorum
949 3681 1081 3746 illorum
1105 3681 1226 3746 dictum
1251 3704 1306 3748 ve·

69 3774 156 3857 lim),
180 3793 246 3837 non
269 3777 319 3836 est
347 3766 434 3852 quod
455 3774 489 3830 te
511 3767 625 3831 multis
646 3789 763 3832 morer.
804 3767 898 3834 Scias
921 3766 1052 3832 eumin
1075 3767 1153 3832 locis
1176 3775 1307 3834 tantum

71 3862 134 3922 432
164 3880 238 3925 cum
262 3854 423 3922 Elzeviris
457 3854 573 3929 faeere,
600 3854 635 3916 in
671 3854 789 3935 quibus
822 3862 900 3919 sunt
925 3857 984 3915 180
1018 3853 1305 3919 aTischendorfio

70 3953 208 4023 mutata,
238 3943 274 4007 in
298 3945 358 4005 376
388 3939 468 4004 loeis
497 3960 569 4003 cum
593 3939 882 4021 (lomplutensibus
910 3940 1102 4019 consentire,
1130 3938 1306 4023 inquibus

69 4031 140 4098 fere
161 4029 282 4114 viginti
304 4040 384 4093 sunt
405 4024 559 4091 lectiones
581 4026 773 4108 singulares,
801 4026 837 4089 in
864 4025 943 4090 locis
967 4029 1026 4089 676
1057 4047 1130 4091 aum
1154 4025 1305 4091 editioni·

69 4118 134 4184 bus
156 4112 396 4182 Tischendorfii
423 4110 697 4190 antecedentibus,
726 4112 761 4176 in
788 4112 968 4196 nonaginta
997 4111 1069 4176 aliis
1099 4134 1173 4178 cum
1194 4111 1304 4178 Lach-

68 4224 194 4271 manno
216 4207 273 4267 aut
293 4197 530 4265 ll'ischendorfii
552 4196 792 4263 recentioribus.
837 4198 969 4263 Adsunt
990 4201 1090 4263 etiam
1112 4197 1305 4264 Harwoodi-

69 4310 156 4357 anae
177 4288 333 4354 lectiones
356 4283 535 4349 nonnullae
557 4304 607 4348 ox.
632 4304 679 4366 gr.
701 4282 740 4350 Θ.
769 4285 836 4349 122.
865 4288 932 4349 170.
961 4289 1027 4348 177.
1058 4287 1123 4348 178.
1150 4286 1217 4348 182.
1246 4287 1302 4348 199

68 4380 178 4438 ...203
202 4374 349 4456 aliaeque
370 4370 537 4436 rarissime
559 4377 715 4453 receptae,
739 4377 776 4435 at
798 4369 838 4434 V.
864 4373 913 4435 27.
934 4371 974 4435 11.
995 4375 1043 4434 75.

157 4460 254 4528 Nova
275 4467 308 4524 et
328 4457 517 4542 singularia,
540 4477 623 4538 quae
650 4456 773 4523 scilicet
800 4468 897 4522 antea
925 4477 1095 4539 nunquam
1117 4477 1134 4519 e
1157 4457 1304 4541 margine

68 4551 106 4618 in
127 4555 256 4615 textum
283 4544 485 4628 irrepserint,
518 4542 671 4627 pauciora
702 4564 800 4627 quam
832 4564 916 4626 quae
954 4543 1103 4608 fortassis
1136 4554 1304 4625 exspecta-

66 4636 161 4708 veris
184 4632 365 4702 observavi.
410 4629 578 4697 Nonnulla
609 4629 797 4717 speciminis
829 4629 899 4699 loco
931 4626 1114 4697 adscribere
1142 4629 1233 4697 lubet
1261 4652 1304 4707 ne

122 4741 226 4792 Bonus,
239 4737 295 4781 mat
309 4735 367 4781 tlcrt
381 4735 474 4778 Temni.
489 4733 569 4785 arud.
1066 4728 1102 4787 ῃ
