3000 5024
193 229 253 294 264
723 224 786 300 Cap.
805 229 902 287 XXIV.
1408 224 1432 278 a

193 403 334 473 editione
357 403 455 471 tertia
475 406 650 487 conspectu
668 402 825 468 librorum
848 403 888 468 N.
907 405 943 469 Τ.
967 401 1196 487 chronologico
1218 407 1250 469 et
1272 401 1433 470 historiae

193 492 401 578 evangelicae
423 499 457 556 et
479 490 682 573 apostolicae.
718 490 866 555 Editioni
888 497 1024 557 octavae
1042 496 1249 555 accesserunt
1270 489 1432 557 Tischen·

193 579 289 644 dorfii
332 577 487 644 lectiones
527 575 697 642 sinaiticae
736 576 778 641 ad
817 577 938 644 calcem
978 574 1052 641 libri
1073 576 1203 660 paginis
1245 579 1303 638 127
1343 597 1432 642 com-

215 663 381 729 rehensae.

191 687 215 749 p
280 751 423 816 Textum
445 749 550 815 editor
570 749 641 832 ipse
663 745 705 813 ad
726 748 986 834 recognitionem
1010 749 1158 833 Knappii
1181 748 1326 814 maxime
1353 770 1432 815 con-

194 839 370 903 formatum
405 834 493 915 dicit,
526 835 624 900 nimis
657 833 804 901 modeste
837 836 877 902 de
910 857 969 901 suo
1001 834 1111 900 labore
1143 834 1300 902 iudicans.
1356 835 1433 901 Non

194 924 300 989 solum
332 923 420 988 enim
447 923 520 1006 ipso
548 927 684 984 externo
712 929 844 1003 aspectu
874 921 1122 1004 aKnappianis
1150 920 1243 987 libris
1268 920 1307 985 hi
1327 922 1434 988 nostri

195 1010 291 1076 facile
326 1008 586 1092 distinguuntur,
620 1005 847 1074 exsulantibus
880 1008 1002 1090 ubique
1034 1009 1102 1073 fero
1133 1008 1267 1073 famosis
1300 1007 1434 1074 illorum

195 1096 299 1175 uncis,
329 1094 387 1160 sed
413 1093 677 1176 frequentissime
699 1095 799 1158 etiam
826 1093 983 1160 lectiones
1010 1093 1287 1160 arecentioribus
1310 1094 1434 1161 criticis

195 1180 439 1247 commendatae
473 1179 710 1262 antiquioribus
742 1180 939 1245 substitutae
972 1185 1059 1246 sunt.
1109 1178 1166 1246 sic
1199 1183 1263 1241 824
1302 1185 1435 1246 tantum

195 1268 275 1333 locis
298 1267 489 1349 Knappium
513 1272 624 1330 noster
652 1286 764 1348 presso
787 1267 942 1349 sequitur,
965 1267 1067 1333 vicies
1089 1272 1122 1331 et
1143 1265 1244 1333 semel
1266 1273 1434 1350 receptam

197 1359 318 1433 tuetur,
341 1351 448 1419 decies
469 1357 502 1417 et
523 1359 638 1434 quater
660 1351 776 1418 dubius
797 1352 914 1418 haeret
940 1374 1104 1436 uncosque
1127 1351 1270 1430 adhibet,
1294 1353 1331 1418 in
1353 1353 1435 1420 locis

199 1443 257 1501 138
282 1461 356 1506 cum
379 1438 613 1505 recentioribus
636 1437 713 1504 facit
734 1438 780 1503 ita
802 1445 840 1504 ut
868 1440 991 1504 centies
1020 1439 1120 1506 vicies
1147 1446 1182 1503 et
1201 1439 1302 1505 octies
1323 1439 1435 1506 Lach-

195 1546 362 1612 mannum,
397 1525 520 1590 centies
549 1523 651 1589 vicies
679 1535 712 1588 et
740 1525 840 1590 semel
864 1525 1155 1600 'Fischcndorfium
1184 1527 1375 1608 septuagies
1402 1530 1436 1590 et

195 1617 313 1696 quater
344 1609 596 1677 Griesbuchium
637 1611 740 1676 socios
779 1611 907 1677 habeat.
964 1610 1152 1694 Supersunt
1190 1616 1257 1676 tres
1296 1610 1362 1678 loci
1400 1611 1435 1677 in

196 1697 313 1781 quibus
339 1697 380 1762 ab
407 1697 460 1762 his
487 1695 639 1761 omnibus
668 1696 804 1763 discedit
812 1721 820 1776 ;
850 1719 892 1764 sc.
928 1696 975 1761 Io.
1001 1701 1029 1776 8,
1053 1701 1081 1761 9.
1114 1702 1162 1762 10.
1191 1703 1324 1764 servata
1352 1697 1434 1782 peri·

196 1804 278 1867 copa
307 1789 375 1848 tota
403 1782 529 1866 glossas
552 1804 592 1846 ex
615 1789 708 1862 parte
734 1784 800 1847 iam
828 1783 868 1848 ab
890 1784 1030 1848 Erasmo
1061 1781 1233 1848 damnatas
1261 1783 1359 1851 eiecit
1382 1782 1433 1869 (P

198 1869 337 2018 299⁶qu
372 1870 455 1965 166.)
484 1876 556 1934 tum
586 1867 654 1936 001.
687 1872 715 1948 ’2,
748 1872 775 1936 2.
810 1869 860 1957 (Z.
886 1872 935 1934 67.
966 1875 1006 1934 Λ.
1033 1873 1097 1947 34.)
1119 1869 1201 1957 legit
1222 1871 1298 1934 aiot
1318 1866 1436 1955 πατρδς

197 1979 247 2020 που
301 1977 408 2041 arctoa

319 2189 370 2251 Ἡ
392 2191 546 2286 ΒΙᾙΒΙΑΕ
568 2196 701 2251 matthae
721 2198 824 2252 Roma.
851 2196 1006 2252 Tanchaita.
1027 2198 1087 2267 jun.
1113 2193 1201 2254 1852.
1230 2192 1276 2254 16.

284 2344 396 2414 Editio
408 2352 594 2429 stereotypa
607 2346 710 2411 altera
727 2365 827 2428 quam
839 2344 1069 2410 celeberrimus
1080 2343 1307 2428 typographus
1319 2343 1438 2411 eodem

200 2430 329 2497 Theilio
350 2437 485 2496 curante
504 2453 544 2495 ex
562 2433 693 2498 officina
710 2451 769 2496 sua
789 2429 921 2513 prodire
941 2430 1047 2508 iussit,
1065 2431 1158 2495 cuius
1176 2438 1288 2495 tamen
1304 2436 1439 2513 praeter

200 2518 262 2581 hoo
284 2518 427 2599 primum
450 2517 617 2599 exemplar
645 2516 774 2581 nullum
801 2517 882 2580 mihi
909 2516 1075 2581 recentius
1097 2522 1132 2579 et
1153 2515 1236 2580 alius
1256 2515 1336 2579 anni
1359 2521 1439 2580 nota

199 2602 393 2685 insignitum
416 2603 569 2666 innotuit.
614 2603 647 2666 A
674 2601 883 2685 praecedenti
913 2601 1023 2665 differt
1050 2601 1161 2665 addita
1183 2601 1288 2665 textui
1316 2621 1438 2685 graeco

200 2689 235 2751 in
257 2687 362 2752 altera
383 2688 534 2753 columna
555 2690 709 2753 versione
730 2687 882 2764 Lathon,
905 2695 1065 2769 auctaque
1083 2709 1125 2752 ex
1143 2687 1333 2752 novissimis
1357 2687 1438 2752 alio·

199 2794 272 2837 rum
302 2773 489 2839 criticorum
517 2773 609 2840 libris
641 2774 839 2840 variantium
868 2772 1044 2838 lectionum
1074 2773 1246 2858 farragine.
1296 2771 1441 2838 Caetera

199 2858 422 2924 additamenta
444 2880 528 2942 quae
547 2879 646 2942 supra
667 2860 769 2943 relegi
791 2858 912 2925 adsunt
933 2859 1053 2924 omnia.

287 2944 330 3009 In
352 2946 423 3028 ipso
445 2951 540 3010 textu
563 2946 668 3010 editor
690 2946 850 3010 nonnulla
878 2945 1023 3011 mutavit
1049 2966 1131 3028 quae
1153 2951 1264 3009 tamen
1286 2944 1343 3010 vix
1367 2943 1441 3010 eius

200 3031 359 3095 momenti
391 3038 470 3096 sunt
502 3040 540 3097 ut
577 3052 698 3097 novam
730 3032 988 3116 recognitionem
1021 3031 1075 3097 hic
1114 3031 1262 3096 exhiberi
1302 3029 1440 3095 dixeris.

201 3115 333 3182 Scilicet
343 3119 464 3199 septies
475 3116 662 3201 repudiatae
680 3119 784 3184 veteri
803 3119 984 3200 scripturae
994 3116 1203 3184 Lachmanni
1215 3114 1268 3182 vel
1279 3116 1441 3180 'Fischen-

202 3202 296 3266 dorfii
322 3202 419 3268 lectio
446 3205 640 3285 praefertur,
671 3205 772 3269 vicies
801 3212 834 3268 ct
859 3205 1030 3286 quinquies
1059 3201 1220 3270 recentior
1249 3202 1289 3266 ab
1318 3201 1441 3267 iisdem

201 3288 279 3354 olim
301 3290 441 3371 repetita
463 3291 528 3354 iam
551 3296 753 3356 restauratae
776 3290 950 3373 antiquiori
974 3290 1080 3354 cessit.

345 3519 395 3587 3.*
417 3525 571 3583 LIPSIAE
593 3529 725 3583 cunctabar
746 3528 911 3583 Bernhardc'
931 3528 1095 3583 Tauchaitii.
1122 3526 1210 3585 1854.
1241 3526 1287 3584 16.

377 3612 394 3645 ⁸*
416 3612 570 3669 LIPSIAE
588 3616 721 3670 cantichus
743 3614 906 3669 Beradarah‘
930 3614 1095 3669 Taacbaitia'.
1123 3610 1211 3672 1862.
1239 3610 1287 3671 16.

289 3761 400 3827 Editio
429 3769 616 3847 stereotypa
647 3764 745 3828 tertia
773 3761 1009 3846 graeco-latina
1036 3764 1072 3828 in
1100 3784 1166 3846 qua
1196 3760 1380 3845 archetypo
1407 3761 1443 3826 in

203 3849 344 3934 gratiam
367 3855 400 3913 et
417 3849 622 3915 commodum
640 3848 874 3915 catholicorum
891 3850 1000 3915 versio
1020 3850 1155 3934 vulgata
1170 3845 1442 3914 Sixto-(ilemen-

204 3936 275 3999 tina
297 3934 429 3999 accedit.
465 3935 624 4000 Tortihus
646 3944 778 4017 praeter
801 3944 996 4020 argumenta
1018 3936 1163 4017 capitum
1185 3941 1218 3998 et
1240 3932 1312 3998 loca
1334 3931 1443 4016 paral·

204 4021 267 4087 lela
295 4024 449 4103 pauciora
478 4021 563 4085 nihil
589 4020 734 4085 additum
765 4030 822 4085 est.
872 4022 1036 4087 Praefatio
1069 4023 1163 4087 adest
1193 4018 1297 4098 nulla,
1330 4017 1443 4084 nullus

204 4109 240 4172 in
261 4107 357 4172 titulo
380 4107 483 4172 editor
504 4107 666 4172 laudatur.
702 4106 877 4172 Caeterum
897 4107 1005 4188 quoad
1027 4108 1176 4174 criticam
1198 4111 1310 4181 textus
1333 4104 1442 4190 graeci

204 4195 492 4259 conformationem
525 4193 737 4277 apographon
771 4192 994 4274 praecedentis
1033 4191 1193 4258 secundae
1227 4190 1294 4257 dici
1325 4195 1440 4275 potest

204 4280 347 4346 Unicum
371 4281 459 4345 enim
482 4301 523 4344 ex
550 4281 632 4344 meis
657 4280 763 4343 locum
786 4279 899 4343 inveni
920 4280 957 4343 in
979 4301 1042 4362 quo
1064 4279 1167 4344 altera
1189 4277 1230 4342 ab
1252 4276 1362 4343 altera
1381 4277 1441 4342 dis·

205 4371 325 4448 crepat,
347 4388 390 4431 sc.
409 4365 529 4431 Matth.
553 4372 579 4442 a,
604 4371 630 4428 4.
652 4371 678 4429 5.
699 4365 752 4429 ubi
776 4364 856 4429 ordo
874 4365 1111 4430 versiculorum
1133 4386 1208 4430 cum
1225 4363 1441 4430 Lachmanno

205 4452 441 4516 intervertitur.
502 4453 682 4518 Praeterea
721 4450 845 4532 passim
884 4451 1138 4535 orthographiae
1177 4469 1315 4534 graecae
1356 4449 1440 4534 leges

204 4537 315 4692 pugilo
338 4538 465 4691 abdillis
488 4559 569 4621 quas
591 4544 687 4602 antea
709 4542 867 4628 sequutus
890 4538 997 4606 fuerat
1020 4537 1167 4606 diversas
1185 4535 1249 4601 sibi
1272 4536 1438 4620 scripsisse

205 4623 238 4689 ri
263 4631 338 4695 etur
359 4645 377 4695 e
399 4624 472 4697 itor.
