3000 5024
188 253 228 313 56
718 244 837 301 CAPUT
854 245 887 300 V.
1385 245 1422 301 W

186 426 278 486 tatur
299 426 397 502 atqua
418 418 544 484 collatis
566 421 666 484 etiam
683 416 940 498 manuscriptis
962 417 1176 497 membranis,
1204 425 1243 483 ut
1265 419 1421 485 emenda·

187 507 314 572 tissima
339 508 434 570 fieret
455 504 563 584 editio,
587 505 776 589 providisse.
824 501 923 584 Quod
949 525 1030 570 care
1056 504 1106 569 ita
1132 503 1299 588 intelligas
1327 527 1365 571 ao
1392 506 1422 570 si

187 599 315 657 textum
337 611 356 656 e
375 590 538 658 codicibus
560 590 735 655 emendare
757 597 896 655 conatus
918 596 1011 655 osset.
1057 587 1271 656 Solummodo
1288 591 1422 657 histori-

187 700 241 742 am
262 677 405 760 aliquam
426 676 525 741 Pauli
547 677 684 758 apostoli
706 684 740 740 at
760 675 933 758 prologum
949 677 986 740 in
1008 675 1178 758 Epistulas
1199 697 1317 760 graece
1342 697 1422 743 oon-

187 763 343 846 soriptum
365 763 401 827 in
424 761 512 827 calca
533 761 609 826 libri
630 768 704 846 post
721 763 843 825 ἔκθεσιν
859 764 1029 843 κεφαλαίων
1049 760 1141 827 addit
1167 783 1209 826 ex
1232 761 1306 829 MS.
1329 763 1423 829 Mar·

187 850 257 935 gini
278 848 350 915 loca
371 847 529 930 parallela
549 868 617 912 non
639 869 718 913 vcro
740 848 909 913 variantes
926 845 1164 912 adscribuntur.

275 936 420 999 Textum
442 932 689 998 describendum
712 935 840 1000 curavit
861 953 903 1000 ex
926 930 1041 1016 Steph.
1062 932 1127 997 ΙΠ.
1151 938 1329 1015 aquator
1355 931 1424 1000 dis·

186 1018 281 1100 cedit,
304 1020 354 1084 bis
382 1017 647 1101 1181111111.
677 1019 730 1085 vel
758 1019 786 1082 si
814 1019 919 1085 mavis
947 1018 989 1083 ad
1010 1019 1134 1083 Boram
1163 1024 1221 1084 aut
1241 1019 1424 1096 Elzeviros,

187 1128 265 1171 nam
293 1106 330 1171 111
356 1127 470 1170 omnes
499 1106 534 1168 iu
561 1105 614 1170 his
640 1104 720 1170 loois
748 1105 957 1170 consentiunt
984 1104 1055 1189 (W.
1085 1107 1134 1170 30.
1164 1109 1220 1188 32)
1250 1105 1353 1170 semel
1381 1104 1426 1170 ad

187 1192 425 1276 Brylingerum
457 1190 500 1275 (β.
533 1190 578 1273 4).
628 1190 809 1273 Exemplar
841 1210 953 1255 meum
986 1189 1065 1254 olim
1094 1190 1319 1257 Lorckianum
1350 1191 1424 1256 fuit.

187 1278 310 1343 Misere
332 1277 458 1342 fallitur
478 1276 542 1341 Vir
565 1275 771 1342 doctissimus
793 1277 830 1340 Τ.
852 1276 892 1340 Β.
913 1275 1087 1340 DibdinL
1119 1280 1161 1340 86
1184 1278 1240 1360 qui
1263 1276 1425 1342 editorem

189 1384 287 1429 suum
309 1371 435 1428 textum
457 1385 501 1428 ex
521 1361 731 1429 Elaeviriana
752 1359 895 1426 secunda
916 1361 1085 1444 repetiisse
1105 1362 1167 1427 sibi
1186 1363 1358 1445 persuasit

398 1565 468 1628 lfa*
510 1571 677 1630 LONDINI
694 1574 758 1646 imp.
781 1575 846 1628 Tho.
864 1573 1007 1642 Ropcroft.
1045 1570 1133 1629 1657.
1153 1573 1211 1642 fol.

357 1658 525 1716 LONDINI
542 1679 586 1731 op.
605 1659 634 1715 S.
653 1659 741 1715 Smne
758 1669 784 1714 et
800 1661 881 1730 Beay'.
906 1659 1043 1728 Walsord.
1076 1657 1165 1715 1698.
1187 1660 1244 1728 jol.

273 1793 337 1858 Est
357 1793 387 1856 is
416 1799 525 1856 tomus
548 1791 681 1874 quintus
710 1792 817 1874 operis
844 1791 1018 1876 polyglotti
1039 1790 1248 1868 Waltoniani
1275 1792 1427 1857 omnium

190 1879 337 1945 eiusdem
359 1878 489 1961 generis
510 1877 793 1960 praestantissimi,
821 1877 857 1941 in
884 1898 948 1958 quo
969 1876 1048 1959 quid
1075 1877 1198 1942 aviris
1225 1876 1330 1944 doctis
1352 1880 1426 1943 An·

189 1965 274 2048 gliae
295 1964 485 2041 luminibus,
508 1963 594 2027 inter
616 1963 728 2029 civiles
751 1961 927 2034 discordias
946 1963 1053 2028 literis
1070 1964 1171 2028 sacris
1192 1962 1428 2044 promovendis

191 2051 287 2116 unico
309 2050 456 2130 intentis,
478 2049 671 2132 praestitum
694 2050 745 2128 sit,
768 2056 955 2131 quantaque
981 2048 1057 2114 inde
1085 2049 1121 2112 in
1143 2049 1306 2114 Brianum
1327 2048 1427 2115 Wal-

188 2144 313 2213 tonum,
335 2144 448 2217 postea
470 2135 659 2219 episcopum
682 2132 912 2211 Oestriensam,
941 2135 1084 2200 instituti
1106 2135 1272 2218 auspicem
1298 2141 1333 2200 et
1354 2157 1426 2201 mo·

190 2222 376 2286 deratorem
397 2221 469 2286 laus
491 2219 662 2300 redundet,
692 2219 733 2284 ab
755 2221 827 2285 aliis
847 2220 978 2302 saepius
1000 2220 1124 2286 dictum
1150 2227 1299 2303 repetere
1326 2221 1429 2288 liuius

188 2308 251 2373 loci
279 2328 345 2371 non
367 2315 425 2371 est.
470 2304 519 2372 cf.
541 2328 620 2390 prae
638 2307 754 2371 ceteris
780 2307 831 2371 Le
853 2306 1028 2390 Largium,
1059 2305 1257 2384 Moschium,
1286 2313 1320 2372 11
1340 2306 1428 2372 Dib-

191 2393 306 2458 dinum
334 2413 394 2457 nec
417 2412 484 2455 non
504 2393 552 2456 rei
574 2392 757 2475 isagogicas
780 2392 962 2476 scriptores.
1007 2393 1076 2457 Nos
1096 2393 1209 2475 paucis
1230 2412 1291 2474 pro
1312 2400 1429 2460 nostro

189 2479 343 2564 1115111111
366 2498 437 2542 rem
456 2477 625 2543 absolvere
650 2477 831 2561 poterimus
851 2498 960 2562 quum
982 2483 1110 2542 textum
1139 2498 1296 2562 graooum
1316 2479 1359 2543 N.
1387 2480 1426 2544 Τ.

190 2564 382 2646 simpliciter
399 2584 441 2627 ex
464 2561 634 2644 Stephano
652 2563 885 2646 descripserint
902 2562 1058 2642 editores,
1084 2564 1204 2646 quippo
1221 2564 1342 2648 quibus
1359 2585 1429 2630 non

190 2670 311 2717 novam
333 2649 478 2732 aliquam
495 2649 717 2713 recensionem
737 2670 779 2713 ex
796 2649 940 2714 fontibus
962 2649 1078 2714 elicere
1096 2651 1298 2731 propositum
1315 2651 1428 2730 fuerit,

191 2735 249 2800 sed
267 2736 374 2817 potius
391 2734 585 2818 adparatum
604 2754 702 2817 quam
719 2736 864 2799 maximo
878 2733 1073 2818 locupletem
1091 2735 1197 2802 veteri
1207 2737 1314 2800 textui
1332 2736 1429 2820 eique

191 2821 394 2886 eruditorum
416 2843 478 2886 usu
505 2819 730 2886 commendato
755 2819 923 2887 subiicere.
967 2820 1082 2903 Itaque
1103 2840 1215 2903 presse
1242 2828 1430 2904 sequuntur

191 2904 428 2990 Stephanicam
450 2907 581 2971 tertiam
610 2927 708 2989 quam
729 2913 840 2971 tamen
868 2907 973 2971 tribus
1000 2906 1079 2972 locis
1107 2905 1264 2972 deserunt
1285 2907 1343 2993 (Η.
1376 2912 1428 2974 68.

191 2993 223 3059 J.
250 2996 318 3056 122.
346 2996 420 3074 123)
443 2991 485 3057 ad
506 2991 773 3074 Complutenscm
794 2997 1013 3057 transeuntes.
1059 2993 1204 3056 Exstant
1224 2992 1432 3076 exemplaria

191 3079 232 3144 N.
256 3080 293 3142 r.
313 3077 490 3160 separatim
513 3078 593 3142 editi
615 3099 690 3144 cum
718 3099 804 3144 noro
833 3077 931 3142 titulo
959 3099 987 3142 a.
1020 3081 1100 3141 1698
1133 3078 1173 3143 (11
1203 3077 1322 3161 quibus
1352 3078 1431 3145 vide

191 3164 327 3230 Lorckii
349 3163 423 3228 BG.
447 3163 474 3227 I.
500 3167 548 3227 72.

551 3421 565 3502 q
590 3422 618 3484 1.
662 3416 826 3485 nutrio
846 3416 1062 3485 onrsrnu.

348 3606 411 3670 16.1
432 3613 508 3688 [Siue
525 3604 705 3692 1111111ρᾶ
726 3600 840 3689 Ιωάννῃ
860 3607 904 3692 τῷ
925 3609 1093 3694 Κρισπίνῳ.
1127 3631 1156 3697 ᾳ.
1169 3633 1201 3690 φ.
1211 3632 1237 3673 ν.
1249 3631 1277 3689 γ.

461 3699 529 3774 [11.
549 3698 674 3756 Geaeoce
691 3700 795 3770 11111.
814 3698 973 3770 0111111111
995 3698 1097 3773 15531.
1130 3697 1176 3755 16.

278 3851 324 3915 Io.
349 3849 520 3932 Crispinus
542 3849 596 3913 vir
617 3848 730 3913 doctus
754 3848 916 3931 variisque
938 3848 1070 3931 scriptis
1092 3847 1199 3914 clarus
1217 3848 1359 3917 Parisiis
1380 3873 1436 3918 re-

193 3935 324 4020 ligionis
358 3957 455 4001 causa
486 3933 609 3999 relictis
647 3933 804 4000 Genavae
841 3934 1111 4018 typographicam
1143 3940 1249 3999 artem
1284 3938 1436 4003 exercuit

196 4023 307 4104 ibique
330 4042 356 4086 1.
384 4025 463 4085 1572
487 4021 573 4086 diem
596 4041 784 4103 supremum
807 4019 895 4084 obiit.
935 4019 1039 4084 Plura
1061 4019 1151 4085 dabit
1168 4020 1276 4104 Haag,
1299 4021 1435 4089 Franco

191 4115 394 4192 protestante
427 4130 451 4173 s.
474 4107 506 4171 h.
528 4131 558 4174 v.
604 4106 752 4171 Editioni
781 4126 861 4170 suae
889 4105 966 4171 huic
995 4106 1122 4188 primae
1154 4105 1314 4188 (secunda
1342 4110 1435 4174 enim

193 4194 234 4259 ad
263 4195 360 4259 aliam
390 4195 527 4260 classem
554 4191 723 4275 pertinet),
757 4190 993 4274 praefationem
1021 4191 1160 4257 latinam
1182 4193 1365 4274 praemisit,
1396 4194 1434 4259 11

192 4282 343 4366 margine
374 4279 498 4345 addidit
525 4279 635 4346 varias
667 4278 821 4342 lectiones
852 4283 885 4341 11
910 4277 982 4342 loca
1015 4297 1097 4361 quae
1125 4277 1240 4343 dieunt
1265 4279 1436 4362 parallelo.

194 4366 366 4450 Capitibus
389 4365 529 4449 singulis
557 4384 674 4448 graece
696 4365 867 4444 κεφαλαίων
889 4372 1087 4446 argumenta·
1109 4365 1272 4447 praefixit.
1317 4365 1434 4432 Versi-

193 4453 343 4517 oulorum
365 4453 495 4517 numeri
518 4472 577 4535 pro
600 4448 702 4513 veteri
724 4467 815 4513 more
838 4447 965 4514 absunt.
999 4450 1103 4534 Typis
1125 4449 1334 4517 nitidissimis
1358 4450 1434 4518 Ste-

194 4539 342 4621 phaniois
372 4559 452 4604 usus
481 4543 539 4602 est.
584 4534 688 4600 Plane
716 4533 865 4600 futilibus
894 4533 934 4599 de
963 4535 1087 4601 caussis
1109 4534 1280 4601 Moschius
1307 4558 1338 4621 p.
1370 4541 1433 4602 218

194 4632 228 4689 11
257 4624 400 4690 Goezius
427 4646 458 4708 p.
488 4627 528 4687 46
559 4620 640 4687 (1111
672 4617 821 4686 eiusdem
850 4621 930 4687 anni
957 4619 1104 4706 Crispini
1137 4619 1296 4688 editiones
1328 4621 1435 4690 fuisse
