3000 5024
654 1172 773 1230 OAPUT
789 1173 863 1230 m.

577 1345 935 1446 EDITIONES

190 1517 505 1618 ORITICAE
531 1516 1316 1618 ANTEGRIESBACHIANAE

225 1790 425 1875 Hucusque
447 1790 606 1858 editiones
627 1810 683 1857 eas
704 1792 855 1856 recensui
876 1811 958 1874 quae
979 1790 1047 1857 fere
1076 1812 1097 1858 a
1123 1789 1251 1858 duabus
1279 1794 1371 1876 prin·

133 1875 263 1963 cipibus
295 1876 524 1960 Oomplutensi
563 1885 597 1943 et
627 1877 799 1942 Erasmioa
830 1875 1024 1942 derivantur
1055 1898 1157 1960 quum
1190 1900 1229 1944 ea
1261 1885 1371 1948 textus

133 1965 242 2030 forma
263 1984 347 2048 qnae
369 1961 550 2050 Stephanis
572 1970 606 2030 et
629 1963 738 2029 Besae
760 1962 897 2028 debetur
925 1984 992 2028 non
1014 1961 1157 2028 multum
1183 1965 1224 2030 ab
1252 1964 1371 2033 iisdem

132 2049 310 2117 reserere
329 2055 427 2132 atque
448 2050 588 2116 editores
609 2049 756 2134 plerique
778 2049 943 2116 codicibus
964 2069 1066 2114 manu
1087 2049 1217 2132 scriptis
1238 2052 1370 2202 neglec-

131 2137 181 2204 tis
200 2134 378 2201 lectionem
404 2144 502 2202 antea
523 2156 713 2220 expressam
740 2135 793 2201 vel
821 2135 1015 2219 simpliciter
1036 2134 1218 2202 describere
1246 2159 1287 2203 ve
1327 2157 1370 2205 ex

159 2220 288 2288 l'uribus
308 2220 404 2286 libris
424 2223 563 2288 miscere
585 2222 665 2287 satis
688 2221 854 2287 haberent
898 2221 971 2286 Iam
993 2242 1095 2304 quum
1117 2219 1178 2288 hoo
1203 2222 1274 2290 loco
1302 2245 1369 2291 non

130 2242 309 2375 bisarium
330 2307 412 2372 artis
435 2309 566 2374 criticae
587 2308 630 2374 ad
651 2313 780 2372 textum
801 2308 841 2372 N.
866 2309 902 2372 Τ.
929 2306 1112 2390 applicatae
1134 2308 1192 2373 sed
1217 2309 1370 2376 notitiam

132 2392 317 2460 editionum
338 2394 480 2461 seribere
500 2394 709 2471 instituerim,
733 2393 914 2460 secundum
941 2400 1053 2459 textus
1084 2413 1182 2477 quem
1210 2395 1370 2462 exhibent

131 2480 297 2546 rationem
318 2480 353 2545 in
380 2501 458 2546 suas
479 2479 621 2546 familias
649 2478 910 2559 distributurum,
938 2479 1083 2546 illustria
1105 2479 1253 2546 Waltoni
1284 2482 1368 2548 Our-

131 2565 249 2633 cellaei
269 2565 368 2632 llellii
395 2566 496 2632 Millii
522 2565 688 2633 Gerhardi
715 2586 815 2649 opera
839 2566 907 2631 iam
933 2587 1033 2649 supra
1061 2586 1243 2632 memorare
1271 2567 1369 2635 debui
1458 2634 1461 2639 r

128 2653 222 2719 inter
245 2670 285 2717 aa
311 2672 395 2734 quaa
424 2661 554 2720 textum
584 2650 824 2735 Stephanioum
849 2652 905 2718 vel
931 2652 1182 2717 Elzevirianum
1210 2653 1367 2735 referunt,

129 2738 283 2822 quamvis
304 2736 415 2804 debita
435 2760 497 2805 sua
517 2737 614 2803 laude
636 2744 759 2804 ornata.
805 2736 893 2803 Sunt
914 2745 1026 2803 tamen
1047 2745 1081 2803 et
1102 2737 1186 2804 aliae
1207 2740 1368 2808 editiones

128 2825 201 2891 iam
222 2830 299 2889 ante
321 2824 574 2891 Grieebachium
594 2823 766 2908 evulgatae
788 2829 823 2900 (a
842 2845 906 2906 quo
928 2845 1057 2890 summo
1077 2824 1151 2889 viro
1172 2826 1273 2911 vulgo
1295 2832 1368 2892 tex·

128 2919 186 2976 tus
216 2910 367 2976 renovati
394 2919 429 2977 et
455 2907 621 2977 emendati
651 2909 823 2975 historiam
850 2909 1007 2975 inchoant
1035 2910 1210 2992 scriptores
1234 2919 1368 2979 nostrae

129 2996 272 3074 aetatis),
295 2997 329 3061 in
352 2997 469 3081 quibus
491 2997 561 3080 ipse
582 3004 693 3062 textus
715 2995 769 3060 vel
791 3016 955 3062 novorum
977 2993 1199 3061 subsidiorum
1226 3019 1286 3081 ope
1314 2998 1368 3063 vel

130 3081 234 3148 etiam
256 3081 394 3149 ducibus
415 3084 512 3151 novis
534 3081 662 3166 legibus
683 3080 806 3147 criticis
828 3087 974 3147 mutatus
996 3087 1140 3165 apparet.
1185 3080 1279 3149 Inter
1307 3082 1368 3151 has

130 3167 313 3234 nonnullae
340 3175 419 3235 sunt
446 3189 530 3253 quae
559 3168 640 3234 satis
668 3168 831 3250 frequenti
862 3188 924 3234 usu
957 3167 1182 3251 theologorum
1215 3169 1368 3236 manibus

131 3276 191 3321 suo
214 3260 361 3338 tempore
382 3262 543 3320 tractatae
564 3254 708 3332 fuerunt,
731 3254 778 3318 ita
799 3260 838 3319 ut
858 3261 993 3338 propter
1013 3252 1088 3319 illas
1119 3253 1205 3320 solas
1232 3256 1299 3320 iam
1328 3255 1368 3321 de

130 3345 228 3406 textu
250 3346 329 3406 aute
350 3340 603 3407 Grieshaahium
623 3347 752 3423 recepto
774 3340 884 3405 minus
907 3340 993 3405 inste
1016 3339 1152 3405 dicatur.
1198 3338 1288 3407 Sunt
1317 3349 1367 3407 ta·

133 3446 209 3492 men
232 3433 267 3492 et
288 3425 369 3492 aliae
390 3447 458 3491 non
480 3428 591 3492 minus
613 3434 730 3491 notatu
752 3425 871 3511 dignae
893 3424 950 3492 sed
978 3425 1090 3508 iniquo
1113 3425 1274 3492 seriorum
1302 3428 1367 3494 cri·

133 3512 271 3579 tioorum
292 3510 423 3578 silentio
444 3532 625 3596 oppressae.
669 3512 779 3595 Atque
800 3513 836 3577 in
858 3531 925 3577 una
947 3513 1091 3578 alterave
1111 3511 1245 3578 illarum
1266 3513 1366 3578 talem

134 3599 182 3664 rei
203 3599 336 3665 criticae
357 3599 545 3678 scientiam,
562 3607 630 3663 tam
652 3608 768 3664 sanum
789 3597 946 3663 iudicium
971 3597 1257 3681 deprehendimus,
1280 3606 1365 3665 tam·

134 3704 194 3836 pue
216 3704 314 3768 saepe
334 3684 508 3751 lectionem
529 3705 607 3750 mox
635 3705 654 3749 a
676 3683 891 3750 Griesbaohio
912 3683 1047 3768 eiusque
1069 3684 1201 3751 asseclis
1223 3685 1365 3769 proban·

155 3792 209 3837 am
242 3770 283 3836 ab
316 3770 494 3838 editoribus
521 3770 587 3836 illis
612 3770 819 3850 restitutam,
852 3777 891 3835 ut
918 3790 997 3836 sane
1027 3770 1191 3836 immerito
1218 3771 1365 3839 recentia

133 3857 229 3922 unice
250 3856 483 3923 extolleremus
504 3864 654 3923 veterum
677 3856 841 3922 incuriosi.

491 4047 507 4130 a
526 4050 552 4110 1.
580 4043 743 4112 nmmo
766 4043 1004 4112 ronanam

295 4223 323 4283 l'.
366 4219 532 4279 ruamus
550 4223 716 4292 matriaco
732 4225 825 4280 Ande.
845 4222 995 4294 Oramoiuy.
1031 4221 1121 4284 170⁷.
1153 4222 1205 4292 {at

305 4307 325 4346 s
366 4307 533 4366 sanans
551 4328 597 4384 ap.
615 4309 907 4368 musaeum
943 4308 1033 4370 1709.
1063 4311 1115 4375 aa

146 4462 161 4469 ··
207 4439 282 4507 -Hiu
307 4439 393 4507 liber
412 4440 714 4508 runssimus'coius
733 4440 877 4507 alterum
899 4441 1070 4525 exemplar
1093 4441 1128 4507 in
1151 4442 1221 4509 sola
1249 4441 1364 4510 biblio·

134 4525 226 4594 theca
244 4526 483 4597 autmutari·
514 4526 699 4612 Lipsiensis
731 4526 854 4612 inveni,
886 4527 1029 4595 alterum
1059 4548 1172 4595 meum
1198 4550 1363 4615 nusquam
