3000 5024
10 267 19 289 ν
86 245 114 303 Ω
370 242 565 307 eumenus
582 242 722 304 ΜῙΧΤΔΕ
742 245 1004 305 autumemus
1260 248 1322 315 269

86 422 118 488 si
139 420 244 488 solam
265 427 436 488 externam
465 420 572 505 operis
602 421 744 505 speeiem
767 419 1038 501 consideraveris,
1068 420 1169 503 priori
1191 420 1324 486 illarum

86 509 176 574 hane
197 516 345 574 nostram
367 506 448 574 adso
471 506 613 573 similem
634 507 778 590 reperies
801 514 839 571 ut
860 506 914 572 hie
936 527 1009 571 eam
1030 526 1050 570 a
1072 526 1131 572 suo
1148 514 1323 592 prototypo

86 595 272 660 seiunetam
292 594 394 661 fuisse
415 615 483 660 non
500 594 666 659 immerito
683 593 796 658 mirari
814 594 927 677 pessis.
961 591 1054 658 Idem
1074 590 1206 658 ehartae
1226 594 1323 674 nitor,

86 679 203 747 eadem
224 681 384 765 marginis
406 679 603 766 amplitudo,
632 687 784 766 typorum
812 678 986 763 graeilitas,
1016 680 1237 745 annotationis
1260 680 1322 745 eri·

86 767 172 832 tieae
195 765 373 851 dispositio.
419 765 541 833 Verum
564 773 672 832 tentus
693 764 791 849 plane
814 784 937 844 novus,
967 765 1124 849 novisque
1154 765 1242 831 euris
1271 787 1322 831 re·

85 853 248 938 segnitus,
270 853 391 937 quibus
412 852 572 919 editores
591 851 723 917 devenit
744 860 781 916 ut
799 873 873 916 eum
887 851 1102 917 Lachmanno
1121 859 1155 916 et
1165 851 1323 918 'Pisehen-

85 938 190 1005 dortio
200 937 447 1022 praeeuntibus,
467 938 551 1023 quod
570 937 640 1020 ipse
658 935 796 1004 candide
813 938 944 1015 fatetur,
964 938 1004 1002 ad
1022 938 1322 1003 nocentissimorum

85 1025 325 1107 exemplarium
346 1025 485 1090 formam
512 1024 645 1107 propius
667 1021 820 1089 aeeedere
842 1024 978 1089 iuberet.
1024 1024 1132 1107 Atque
1161 1023 1215 1090 hie
1242 1045 1322 1108 prae

84 1110 226 1178 oseteris
238 1110 427 1190 notandum,
446 1111 533 1175 hane
549 1115 697 1174 nestram
715 1109 954 1194 aKnappianis
973 1130 1010 1174 ee
1028 1111 1172 1175 mamme
1189 1110 1322 1177 nemine

84 1195 222 1264 differre
242 1195 327 1282 quod
349 1215 507 1263 uneorum
524 1218 585 1263 usu
604 1195 774 1278 repudiato
798 1200 878 1273 (uno
896 1193 967 1262 loeo
985 1217 1026 1261 en
1047 1197 1168 1262 nostris
1186 1203 1321 1280 exeepto

86 1282 210 1349 Matth.
235 1284 284 1363 Ἡ,
309 1282 374 1367 35.)
403 1304 490 1349 nune
518 1281 573 1348 vel
601 1302 677 1347 eum
706 1281 826 1348 eritieis
852 1281 918 1347 illis
938 1281 1062 1365 glossas
1085 1281 1202 1349 dubias
1224 1283 1321 1366 plane

85 1368 184 1436 eiseit
211 1369 263 1436 vir
292 1368 423 1449 doetus,
456 1368 512 1434 vel
538 1366 655 1434 iisdem
684 1367 823 1434 servatis
851 1366 892 1433 ad
920 1367 1093 1452 vulgarem
1122 1370 1320 1453 scripturam

84 1453 191 1521 rediit
236 1455 348 1538 Atque
375 1454 437 1522 hoo
465 1454 563 1538 paule
592 1453 702 1520 minus
735 1454 922 1537 frequenter
948 1456 1071 1520 suetum
1099 1454 1194 1520 video
1221 1475 1322 1538 quam

83 1539 178 1606 illud.
222 1541 335 1606 Etiam
356 1541 392 1605 in
413 1542 550 1608 eaeteris
572 1541 702 1625 saepius
725 1539 879 1606 leetienes
907 1539 1143 1607 recentioribus
1165 1541 1320 1624 probatas

84 1627 211 1711 resipit,
230 1626 467 1693 'Pisohendorfii
485 1626 626 1710 vestigia
643 1627 787 1710 pressius
805 1626 928 1711 legens,
952 1626 1007 1692 ubi
1026 1627 1056 1692 is
1073 1627 1320 1694 aLaehmanno

84 1710 259 1799 disoropat,
282 1720 317 1779 et
337 1712 469 1797 quidem
492 1713 691 1779 novissimae
713 1713 902 1797 (septimae)
925 1712 1059 1778 editioni
1081 1714 1240 1797 impressa
1262 1714 1319 1780 ubi

82 1798 167 1866 haee
199 1818 277 1866 suas
309 1799 543 1884 antesignanus
576 1797 705 1864 deserit.
761 1800 940 1864 Praeterea
979 1799 1152 1866 observavi
1190 1799 1318 1882 Oompl.

82 1886 125 1951 Δ
140 1885 189 1950 25.
212 1885 246 1953 J.
268 1889 336 1950 137.
362 1887 422 1949 218
446 1893 480 1951 et
501 1884 772 1969 quaeMuraltius
792 1883 927 1950 dederat
940 1886 1010 1950 Aet.
1036 1889 1085 1964 23,
1108 1889 1136 1949 9.
1159 1884 1224 1950 Iae.
1240 1890 1268 1965 3,
1289 1889 1317 1951 6.

83 1969 231 2038 Omnino
254 1971 334 2036 haee
356 1970 455 2036 editio
478 1980 611 2038 eentum
633 1979 666 2034 et
688 1972 830 2054 quinque
852 1970 931 2038 loeis
961 1993 980 2035 a
1007 1970 1116 2054 priore
1138 1971 1319 2037 Hahniana

82 2057 217 2136 resedit,
240 2058 388 2142 sexagies
410 2065 444 2122 et
466 2057 585 2157 septies
596 2056 888 2137 Tisehenderfium,
912 2057 1020 2122 trieies
1038 2066 1071 2121 et
1089 2057 1318 2127 terElneviros

82 2143 184 2211 duees
206 2151 353 2227 sequuta,
376 2143 549 2228 quinqmos
571 2143 676 2223 aliter,
699 2150 738 2208 ut
760 2143 838 2223 dixi,
860 2143 998 2209 lectione
1021 2149 1154 2209 mutata.
