3030 5024
225 161 287 223 288
719 155 835 213 CAPUT
853 156 964 213 XXVII.

224 331 304 415 pori.
348 331 394 396 Et
422 329 476 395 hie
503 349 647 397 errorem
675 329 819 415 aliquem
840 331 876 396 in
906 335 1018 397 notam
1047 329 1127 396 anni
1148 327 1467 416 (XLIV—XLIX)

225 418 396 502 irrepsisse
416 424 506 501 puto,

630 627 679 688 81.
723 627 888 690 LIPSIAE.
914 629 1005 688 1757.
1031 628 1059 690 8.

311 760 489 846 Gatalogus
519 760 733 828 bibliothecae
765 760 986 829 Sussexianae
1020 762 1108 828 solus
1140 770 1289 829 recenset
1320 761 1368 828 11.
1402 766 1464 825 486

225 870 360 932 eamque
388 849 556 913 Reineccii
583 847 759 913 secundam
789 848 877 916 dicit.
922 847 990 914 Sed
1018 869 1056 914 eo
1084 849 1155 933 ipse
1184 869 1269 914 anno
1295 849 1465 915 Reineccii

224 935 367 1001 secunda
403 934 522 1000 Veteris
548 934 751 1000 Testamenti
787 936 924 1018 prodiit,
950 936 986 1000 in
1014 935 1087 1018 ipso
1114 935 1210 1000 titulo
1238 956 1339 1002 suum
1375 935 1464 1002 hunc

225 1042 400 1087 numerum
422 1021 590 1087 exhibens.

539 1230 588 1291 87.
632 1231 808 1295 LONDINI.
836 1232 926 1292 1772.
951 1251 997 1307 ap.
1015 1235 1141 1305 Bmepcr.

309 1367 458 1432 Meschio
498 1373 612 1432 autore
645 1367 707 1433 hoe
738 1389 824 1433 anno
856 1367 1051 1452 Bowycrius
1083 1368 1227 1435 secunda
1260 1367 1332 1434 vice
1363 1389 1461 1434 suum

224 1453 265 1520 N.
289 1455 326 1518 111.
350 1454 391 1518 ad
413 1455 682 1520 Wetstenianum
704 1454 874 1536 exemplar
896 1474 1088 1537 expressum
1115 1455 1227 1520 edidit
1273 1453 1402 1520 Verum
1424 1476 1463 1522 ea

224 1540 324 1607 editio
346 1561 429 1623 quae
451 1561 479 1606 a.
506 1544 585 1603 1783
608 1541 762 1625 evulgata
784 1549 834 1605 est
856 1540 909 1625 (cl.
934 1541 1013 1624 (lap.
1036 1542 1133 1608 XIV.
1156 1544 1171 1625 ξ
1196 1546 1224 1606 6.
1251 1542 1290 1608 Ν.
1321 1548 1374 1622 17)
1398 1541 1460 1607 sibi

223 1629 296 1711 ipsa
325 1626 486 1692 secundae
508 1647 628 1692 nomen
650 1636 684 1691 et
711 1647 887 1691 numerum
915 1627 1071 1707 vindicat,
1103 1636 1200 1712 atque
1227 1648 1256 1693 a.
1282 1632 1318 1689 17
1325 1631 1364 1690 72
1393 1650 1461 1693 non

223 1716 333 1798 ipsum
359 1714 391 1778 N
394 1762 400 1773 .
422 1714 459 1777 fr.
487 1713 544 1778 scd
573 1713 643 1779 sola
675 1715 938 1779 coniecturarum
971 1714 1158 1780 criticarum
1191 1714 1337 1780 collectio
1370 1714 1461 1799 typis

222 1801 361 1882 repetita
390 1807 448 1879 cst,
483 1819 579 1882 quam
611 1800 714 1882 priori
746 1799 883 1866 editioni
909 1799 1103 1885 Bowyerius
1135 1800 1314 1880 addiderat,
1347 1811 1388 1866 ut
1419 1822 1461 1866 ex
1502 1800 1505 1807 '

223 1885 372 1953 Schulzii
399 1887 598 1969 praefatione
626 1885 667 1950 ad
700 1886 803 1952 libelli
834 1885 931 1951 istius
964 1886 1140 1952 editionem
1173 1886 1400 1971 germanicam
1430 1908 1459 1953 a

228 1979 307 2034 1774
339 1972 511 2056 vulgatam
543 1971 652 2054 colligi
685 1979 803 2055 potest,
836 1992 975 2053 quocum
1007 1974 1173 2039 consentit
1204 1973 1380 2040 Michaelis
1412 1995 1459 2040 or.

222 2060 308 2125 Bibl.
332 2059 396 2124 III.
428 2062 485 2120 123
523 2067 556 2121 et
587 2059 656 2140 ipse
684 2058 851 2125 Dibdinus
884 2058 967 2123 libro
1000 2061 1130 2144 saepius
1162 2059 1296 2126 laudato
1324 2082 1356 2144 p.
1392 2064 1459 2125 150.

222 2145 399 2211 Caeterum
431 2143 577 2208 libellum
604 2144 641 2208 in
666 2145 789 2211 nostris
816 2144 913 2210 terris
940 2145 1148 2211 rarissimum
1179 2145 1250 2212 vidi
1282 2151 1318 2211 in
1344 2146 1460 2212 biblio-

222 2231 319 2297 theca
339 2230 537 2299 Genevensi.
1230 2236 1235 2245 “

596 2443 647 2505 ae.
693 2442 890 2503 ouuuvru.
917 2443 1009 2504 1831.
1036 2443 1083 2506 ra.
1175 2395 1186 2405 ..
1206 2415 1209 2431 '

307 2577 408 2643 Hune
430 2577 563 2642 titulum
585 2577 621 2642 in
640 2577 800 2662 Oatalogo
818 2578 993 2645 societatis
1011 2578 1149 2645 biblicae
1167 2578 1362 2665 anglicanae
1378 2578 1462 2665 logi5

222 2662 343 2730 librum
379 2665 487 2746 ipsum
517 2663 573 2728 diu
599 2665 723 2730 frustra
754 2667 939 2748 quaesitum
973 2666 1107 2731 tandem
1135 2665 1292 2734 (tenerae
1324 2666 1397 2735 vidi
1427 2674 1462 2731 et

222 2753 307 2834 quod
329 2751 518 2837 suspicabar
539 2752 724 2818 versionem
746 2772 961 2837 noograecam
983 2752 1140 2818 exhibere
1160 2752 1279 2836 reperi.

571 2963 621 3024 84.
665 2963 934 3024 ROTERODAMI.
968 2964 1057 3028 1831.
1080 2967 1108 3027 4.

307 3098 568 3165 Celeberrimum
593 3097 620 3162 Ι.
643 3097 671 3162 Ι.
694 3099 873 3164 Wetstenii
901 3120 984 3183 opus
1011 3098 1089 3164 olim
1110 3097 1352 3165 Amstelodami
1380 3099 1463 3166 duo·

221 3186 282 3252 bus
304 3186 527 3253 voluminibus
548 3184 672 3249 formae
693 3185 858 3252 maximae
879 3207 906 3251 a.
934 3191 1010 3248 175]
1031 3185 1321 3254 editum'Batavos
1338 3187 1463 3252 iterum

221 3273 309 3358 typis
331 3272 504 3337 mandasse
525 3271 614 3335 fama
635 3278 687 3335 est
706 3271 821 3336 multis
849 3279 981 3357 accepta
1007 3280 1041 3338 et
1068 3272 1212 3357 vulgata.
1255 3270 1327 3354 Qui
1348 3278 1463 3339 tamen

220 3361 299 3424 novi
318 3358 452 3424 editoris
472 3357 632 3441 promissa
649 3357 748 3422 nimis
759 3359 888 3424 incaute
902 3381 961 3442 pro
978 3360 1058 3426 ratis
1070 3361 1216 3444 actisque
1226 3357 1460 3428 vendiderunt

221 3444 357 3510 Scilicet
379 3443 464 3510 dicto
487 3465 571 3509 anno
598 3447 676 3505 1831
697 3445 804 3528 operis
822 3445 1045 3511 Wetsteniani
1062 3447 1161 3512 editio
1182 3446 1228 3510 IL
1250 3444 1291 3511 ab
1307 3445 1358 3512 Io.
1379 3448 1460 3512 Ant.

220 3531 325 3597 Lotne
346 3551 463 3597 revera
490 3529 642 3595 inchoata
671 3539 722 3596 est
739 3531 844 3596 cuius
873 3532 1068 3616 particulam
1094 3533 1236 3616 primam
1264 3537 1318 3612 (37
1349 3532 1458 3619 plagg.

220 3618 344 3682 formae
365 3616 606 3700 quaternariac)
625 3616 659 3682 in
679 3616 860 3684 Germania
883 3618 1034 3685 venalem
1055 3617 1243 3685 indicarunt
1264 3617 1460 3705 bibliopolas

219 3705 412 3786 Lipsienses
433 3704 617 3787 Weigelius
639 3711 672 3767 et
694 3703 958 3785 Weidmannius,
982 3706 1040 3770 sed
1060 3705 1119 3771 illa
1139 3727 1207 3770 non
1235 3705 1327 3771 ultra
1354 3703 1459 3791 prole-

137 3832 139 3837 ·
220 3811 360 3874 gornena
378 3810 553 3874 progressa
573 3798 630 3854 est.
667 3790 744 3854 Non
762 3790 867 3856 solum
885 3793 1082 3875 paucissima
1099 3812 1183 3875 quae
1200 3792 1236 3855 in
1257 3792 1457 3858 Germaniae

220 3876 426 3942 bibliothecis
448 3884 582 3941 exstant
602 3875 678 3941 libri
700 3878 902 3963 exemplaria
924 3879 1022 3943 huius
1043 3880 1122 3943 facti
1143 3878 1335 3945 testimonia
1355 3878 1456 3946 habeo

218 3983 271 4117 prb
301 3986 354 4117 g}
378 3963 592 4046 Erlangense,
623 3964 681 4030 sed
712 3984 755 4028 ex
787 3966 859 4050 ipso
881 3966 997 4050 Belgio
1030 3965 1114 4030 mihi
1144 3966 1259 4032 eadem
1290 3965 1456 4051 rescripsit

275 4074 298 4116 r.
355 4071 467 4134 uyper.
1502 4070 1505 4081 ¹
