3000 5024
142 242 173 300 Χ
406 236 600 297 tumorem
617 237 1105 298 sturmo-nmvrltmuan
1315 245 1375 308 153

142 413 231 495 rimi,
264 415 328 499 ipsi
354 413 435 480 mihi
462 413 624 498 inspicere
653 412 799 480 nondum
827 413 974 499 oontigit.
1023 413 1155 480 Titulus
1185 413 1375 482 Millienum

143 502 316 586 exemplar
337 503 407 568 5155
427 501 554 567 fontem
575 499 691 584 prodit.

307 694 383 756 aa·
425 648 564 753 5115151
580 711 596 752 a
612 696 794 770 555515
811 695 1040 752 evomam.
1073 694 1163 757 1515.
1186 693 1214 754 5.

231 828 454 915 Apographon
476 828 628 895 editionis
648 829 690 896 N.
714 830 751 896 Τ.
774 830 853 895 anni
878 833 958 892 1805
981 850 1081 913 supra
1102 828 1252 896 laudatae
1274 848 1295 896 5
1317 848 1376 895 suo

141 917 325 1002 arohetypo
347 916 407 982 vix
428 914 693 1000 dignoscendum,
717 937 831 982 verum
852 922 964 981 tamen
986 937 1117 983 novum.

190 1110 266 1173 60.*
307 1109 529 1171 BOSTONIAE
546 1129 601 1169 555.
620 1113 723 1257 11εαῖαέ
743 1114 863 1255 {bogae
882 1114 939 1168 1151.
961 1114 1033 1187 typis
1057 1113 1169 1172 Wateon
1185 1121 1212 1170 55
1228 1113 1334 1184 Β5555.

725 1201 738 1256 l
765 1243 771 1257 .
840 1243 847 1258 .

230 1332 409 1398 Bostoniae
435 1332 708 1399 Americanorum
730 1332 770 1398 N.
795 1333 831 1397 Τ.
863 1332 924 1399 1155
946 1333 1039 1397 iuxta
1060 1332 1229 1417 exemplar
1255 1331 1377 1397 11111115-

141 1441 226 1485 num
255 1438 412 1484 exessum
436 1419 565 1502 saepius
589 1419 625 1483 in
653 1418 880 1485 Elaevirorum
907 1427 1015 1486 555515
1042 1420 1211 1485 transiisse
1239 1419 1378 1503 cognovi

142 1505 212 1573 soil.
238 1505 337 1570 otiam
357 1509 384 1583 3.
408 1508 436 1570 1.
467 1510 495 1570 4.
521 1509 549 1570 5.
580 1509 694 1569 8-16.
728 1510 775 1569 19.
808 1507 856 1570 20.
888 1510 1023 1570 33-36.
1051 1507 1098 1570 ita
1125 1513 1163 1571 ut
1192 1527 1255 1589 quo
1282 1513 1377 1589 paeto

142 1590 333 1658 Millianum
367 1590 494 1656 dioatur
521 1590 577 1656 5111
605 1592 747 1658 videant.
797 1591 907 1659 Habet
939 1598 973 1656 et
1004 1590 1069 1657 5115
1096 1592 1137 1657 ab
1164 1591 1226 1658 1155
1253 1591 1377 1656 familia

144 1677 253 1744 aliena
271 1699 303 1743 v.
330 1698 361 1762 g.
383 1676 503 1743 Matth.
527 1680 555 1756 6,
585 1683 612 1742 6.
635 1677 844 1744 Erasmioum
865 1685 994 1760 ταμεῖον,
1022 1679 1123 1744 Μ515.
1156 1682 1184 1756 6,
1215 1682 1264 1742 33.
1288 1678 1378 1762 Bry-

143 1763 366 1849 lingerianum
387 1765 566 1850 προσῆλθον
587 1771 621 1830 55
646 1771 671 1829 1.
694 1763 768 1830 Gor.
797 1769 844 1843 15,
868 1768 917 1828 33.
939 1765 1112 1848 antiquum
1133 1765 1256 1848 χρηστά.

288 1975 361 2037 oa*
404 1974 1026 2051 51555115555155555555.
1061 1977 1151 2039 1515.
1188 1977 1236 2039 11.

231 2110 375 2176 {lentum
396 2112 498 2177 5511115
520 2133 561 2176 ex
581 2110 631 2177 ed.
654 2131 682 2176 a.
710 2113 789 2173 1805
813 2132 879 2176 555
898 2110 967 2177 1555
989 2117 1155 2178 mutatum
1176 2119 1216 2193 (3.
1244 2117 1305 2192 10).

324 2303 399 2366 62*
441 2304 609 2365 LONDINI
625 2309 776 2382 5155511155
794 2307 1014 2380 8515.Β555155.
1050 2305 1140 2369 1825.
1176 2306 1205 2369 8.

231 2439 346 2505 Editio
373 2445 560 2526 stereotypa
588 2441 681 2507 ouius
704 2441 797 2507 varia
823 2448 957 2506 exstant
984 2441 1184 2525 exemplaria
1211 2440 1378 2507 variorum

148 2547 309 2593 annorum
331 2532 427 2592 notas
448 2548 528 2610 prae
549 2549 584 2593 55
606 2527 752 2592 ferentia.
787 2525 895 2593 Simul
920 2526 1024 2592 editor
1044 2529 1080 2592 in
1098 2529 1297 2611 praefatione
1320 2547 1379 2592 555

148 2612 299 2679 distinete
322 2613 416 2680 dooet
437 2634 472 2678 55
499 2613 658 2679 editiones
684 2614 803 2679 latinas
833 2613 979 2698 anglioas
1006 2615 1150 2698 51155555
1173 2616 1207 2681 S.
1236 2613 1270 2680 S.
1301 2635 1377 2697 pro-

147 2721 278 2767 5515555
299 2700 347 2765 ita
367 2700 544 2784 impressus
566 2709 605 2766 ut
626 2700 746 2784 pagina
766 2701 906 2784 paginae
929 2700 1125 2783 respondeat
1152 2701 1324 2785 archetypi
1345 2708 1379 2766 et

146 2786 239 2854 155115
260 2807 322 2871 pro
343 2786 448 2852 lubitu
471 2786 548 2853 libri
570 2786 732 2870 bilingues
753 2786 838 2852 effioi
860 2795 994 2870 possent
1014 2786 1244 2853 interfoliando
1271 2789 1379 2865 (taar-

143 2873 268 2958 55551).
314 2871 372 2939 Sio
392 2873 501 2957 reperi
518 2874 555 2937 in
577 2873 735 2956 Oatalogo
762 2872 978 2939 bibliotheoae
1001 2872 1073 2941 Soo.
1103 2873 1238 2940 biblioae
1260 2873 1379 2958 Angli·

146 2981 247 3027 oanao
269 2959 446 3026 editionem
469 2959 764 3044 gruem-anglicam
786 2979 813 3024 5.
849 2963 944 3039 1823;
972 2961 1007 3024 in
1035 2959 1232 3027 bibliotheca
1253 2959 1378 3025 Kieffe·

146 3047 241 3113 riona
257 3044 435 3113 editionem
453 3046 725 3132 graeco-latinam
737 3065 764 3110 a.
786 3048 876 3111 1824.
907 3044 1004 3127 Quod
1014 3046 1084 3130 ipse
1096 3047 1199 3113 habeo
1210 3045 1379 3129 exemplar

147 3135 269 3217 absque
291 3133 440 3200 versione
461 3138 520 3199 ost.
555 3134 679 3198 Textus
702 3131 787 3197 binis
808 3132 969 3199 columnis
988 3153 1161 3216 expressus
1191 3132 1379 3198 oharaetere

146 3219 322 3286 minutiore
351 3240 452 3303 55555
483 3241 589 3302 55555
615 3219 729 3304 puloro
756 3239 862 3301 neque
888 3219 974 3285 leotu
1006 3219 1101 3285 faoili.
1152 3218 1381 3284 Praemittitur

147 3304 257 3372 tabula
290 3306 461 3371 variarum
491 3306 670 3373 leotionum
709 3327 727 3370 e
761 3303 967 3370 Griesbaohii
1000 3306 1087 3370 notis
1124 3304 1379 3388 desumptarum.

147 3392 271 3459 Textus
293 3392 464 3458 Millianus
486 3401 536 3458 est
558 3393 629 3457 eius
650 3392 774 3456 formae
796 3411 893 3474 quam
914 3389 1090 3457 exhibebat
1111 3390 1194 3458 liber
1212 3391 1380 3458 Oxonien-

148 3478 243 3545 sisa.
271 3483 352 3542 1805
376 3478 489 3545 addita
508 3479 647 3545 lectione
668 3476 739 3542 Elz.
764 3483 789 3556 3.
815 3483 862 3543 11.

374 3672 423 3733 63.
467 3670 640 3743 ῙιΟΝΒΟΝ,
669 3673 825 3731 W.Bootb.
857 3670 949 3732 1825.
985 3673 1101 3730 355511.
1125 3672 1153 3734 8.

230 3804 344 3872 Editio
366 3807 629 3893 graeoo-anglioa
656 3828 731 3873 eum
760 3807 1004 3872 commentario.
1056 3808 1180 3873 Textus
1209 3807 1379 3873 Millianus

152 3890 276 3972 dieitur,
298 3893 398 3960 habet
419 3899 531 3959 tamen
553 3894 652 3960 etiam
673 3893 828 3959 1555151155
850 3892 1076 3960 Elzevirianae
1098 3899 1124 3973 3.
1149 3898 1177 3958 6.
1203 3900 1230 3957 7.
1257 3900 1304 3956 10.
1332 3900 1377 3958 11.

156 3982 196 4045 19.
232 3985 282 4044 31.
314 3985 362 4045 34.
396 3986 429 4046 et
457 3983 484 4044 2.
512 3979 586 4046 (lor.
621 3986 667 4060 11,
707 3985 754 4044 10.
784 3978 993 4065 σφραγήσεται.
1043 3980 1225 4064 Exemplar
1251 3980 1378 4045 Beroli-

154 4083 249 4132 nense
266 4081 392 4132 'meum
417 4067 454 4131 in
487 4088 583 4132 usum
609 4065 841 4132 benevolenter
869 4066 949 4131 olim
980 4066 1120 4132 eontulit
1148 4065 1270 4131 Theod.
1293 4065 1377 4144 Eok,

157 4151 239 4218 tend
261 4151 361 4218 theol.
384 4153 415 4219 b.
436 4175 480 4219 m.

333 4345 383 4405 64.
425 4345 594 4405 LONDINI
611 4347 743 4404 oumtzbaa
760 4347 835 4404 Sam.
856 4350 985 4420 Bapetor.
1016 4346 1106 4406 1829.
1138 4344 1185 4407 12.

231 4479 273 4545 15
305 4480 369 4548 1155
401 4501 489 4548 nova
520 4481 738 4567 Bagsteriana
775 4485 888 4546 textus
921 4479 1105 4565 paullulum
1138 4485 1285 4546 mutatus
1317 4486 1378 4546 est.

126 4550 323 4717 (Ῑὲεοῗὶἕιιῗῗ
352 4567 581 4733 lbiemianae
622 4572 754 4651 praeter
795 4567 963 4635 1111115555
997 4566 1119 4634 adsunt
1151 4573 1281 4633 tantum
1313 4572 1381 4632 tres
