3000 5024
647 1415 762 1473 CAPUT
779 1417 853 1473 XXI.

253 1585 612 1690 EDITIONES
639 1588 1241 1693 LAOHMANNIANAE.

455 1900 471 1983 l
494 1903 520 1964 1.
564 1896 727 1970 nmmo
748 1897 1040 1968 nsonnsnnr.

401 2103 450 2171 l.*
492 2110 690 2184 BEROLINI,
708 2111 883 2174 &linimen
922 2110 1012 2174 1831.
1049 2111 1097 2176 12.

436 2190 453 2223 ⁴*
495 2197 886 2273 onnonmnoneme.
920 2199 1010 2263 1837.
1048 2198 1097 2261 12.

435 2279 454 2320 ⁸
495 2284 885 2360 nmonmnsneme.
921 2285 1011 2348 1846.
1048 2284 1097 2348 m.

436 2363 453 2396 ⁴*
495 2370 691 2447 BEROUNL
709 2372 746 2430 G.
764 2375 884 2433 Reimm
918 2371 950 2449 [s.
966 2372 1004 2450 o.]
1048 2370 1096 2436 12.

217 2505 334 2574 Editio
356 2503 466 2574 Oaroli
488 2504 696 2572 Loohmsnni
718 2506 826 2591 primo
847 2527 949 2592 eaque
976 2512 1173 2593 sterootypo»
1218 2505 1286 2591 Qui
1313 2508 1368 2577 vir

133 2594 341 2662 doctissimus
363 2599 398 2659 et
417 2591 616 2678 norruo'moc
643 2612 764 2658 novem
796 2593 895 2677 plane
922 2597 1009 2661 riom
1038 2595 1209 2679 ingressus
1237 2600 1366 2662 textum

130 2702 198 2748 non
227 2688 297 2747 tam
320 2679 500 2764 genuinum
528 2678 591 2745 sibi
617 2681 758 2763 sumpsit
786 2685 988 2762 restaurare,
1021 2681 1141 2766 qnippe
1173 2680 1261 2764 quod
1290 2682 1367 2750 sub-

132 2767 290 2835 sidiorum
312 2763 409 2832 hodio
430 2764 645 2850 superstitum
671 2786 733 2851 ope
765 2767 901 2832 minime
926 2767 998 2833 fieri
1025 2787 1120 2851 posse
1149 2767 1366 2849 existimaret,

132 2873 233 2940 quom
263 2851 541 2937 antiquissimum,
575 2850 706 2937 qualem
738 2852 871 2937 quidem
903 2873 963 2919 nos
996 2873 1038 2918 ex
1064 2853 1181 2921 iisdem
1212 2852 1366 2922 subsidiis

132 2959 327 3026 eognosoere
356 2958 543 3023 possumus,
577 2939 761 3006 restituere.
811 2938 927 3023 Itoque
953 2940 1091 3006 ooetsris
1117 2939 1277 3025 neglectis
1308 2960 1365 3008 oos

132 3032 265 3094 tentum
286 3023 412 3094 oodioes
440 3030 475 3091 ot
495 3030 606 3111 potres
627 3046 747 3110 easque
767 3024 935 3093 versiones
957 3025 1040 3091 adiit
1067 3025 1247 3110 exquibus
1268 3026 1366 3094 leotio

131 3112 254 3181 soeculi
274 3111 382 3198 quinti
403 3111 473 3178 lore
489 3117 523 3178 et
540 3113 627 3179 sexti
644 3111 788 3181 derivari
804 3117 913 3197 potest
930 3131 1006 3178 oum
1025 3111 1136 3197 alique
1153 3113 1225 3181 veri
1242 3113 1364 3198 speeie;

131 3206 237 3285 atque·
250 3220 292 3267 ex
313 3198 367 3264 his
387 3198 532 3265 fontibus
553 3219 620 3264 non
641 3199 800 3283 optimam
821 3198 939 3278 ubivis,
961 3220 1078 3266 verum
1100 3205 1197 3278 sorte,
1220 3205 1258 3265 ut
1279 3199 1364 3266 dixi·

130 3307 212 3366 mns,
236 3305 309 3352 eom
331 3287 529 3369 seripturam
547 3306 631 3370 qnae
647 3286 743 3353 nobis
761 3286 989 3372 antiquissima
1006 3295 1065 3367 ost,
1088 3304 1207 3368 nempe
1222 3285 1279 3351 illo
1296 3286 1363 3353 iom

130 3378 277 3458 temporo
305 3369 436 3455 utrique
462 3370 617 3440 eoolosioe
647 3377 777 3451 notam,
810 3378 969 3458 quantum
996 3371 1068 3439 fieri
1095 3372 1216 3457 potuit,
1249 3393 1363 3439 eruere

130 3466 267 3526 oonatns
288 3463 349 3525 esi
393 3456 504 3542 Quam
532 3479 599 3526 non
627 3457 675 3524 ito
695 3459 933 3527 aestimandam
953 3458 1036 3528 viris
1061 3459 1109 3524 rei
1137 3459 1268 3526 eritiooe
1294 3466 1363 3526 stu·

130 3544 230 3612 diosis
251 3544 420 3630 proposuit
440 3544 534 3628 quasi
554 3545 622 3614 inm
643 3545 680 3611 in
700 3552 797 3612 textu
819 3546 881 3614 hoo
903 3553 997 3631 poeto
1019 3544 1196 3613 eonstituto
1217 3545 1361 3630 nequies·

129 3654 203 3699 oere
225 3630 390 3711 deberent,
413 3628 526 3698 sedin
548 3652 624 3698 eum
645 3632 745 3699 finem
767 3640 807 3698 ut
829 3633 986 3699 ulteriora
1007 3631 1115 3699 eludia
1142 3631 1219 3699 huie
1246 3630 1363 3698 funde·

129 3725 241 3784 mento
263 3723 587 3802 summoueantur,
615 3718 720 3785 multo
750 3719 874 3786 soilioet
894 3718 1040 3786 solidiori
1065 3725 1098 3786 et
1123 3717 1236 3784 tutiori
1264 3739 1363 3802 quom

129 3825 226 3890 quem
236 3803 437 3873 Illneviriani
453 3802 539 3885 libri,
562 3826 643 3889 quos
664 3826 755 3872 mero
777 3827 854 3874 oosu
877 3813 971 3873 notos
987 3813 1076 3873 reete
1094 3805 1226 3886 dixeris,
1248 3825 1361 3871 reeen-

129 3891 266 3959 lioribns
298 3889 420 3958 oritiois
450 3892 605 3975 praebere
637 3892 773 3978 possint.
828 3891 881 3959 De
914 3892 1032 3977 quibus
1065 3891 1217 3959 omnibus
1256 3890 1362 3958 editor

128 3977 234 4046 fusius
265 3975 421 4044 disseruit
452 3978 488 4045 in
521 3977 625 4045 diario
652 3978 926 4081 Heidelbeigensi
952 3977 1086 4047 Surdior
1117 3977 1184 4045 uod
1212 3976 1362 4044 Kretikos

131 4067 215 4127 18³0
237 4083 310 4216 psff.
331 4067 392 4126 817
412 4084 499 4149 seqq.
534 4063 577 4129 In
598 4065 670 4150 ipso
691 4072 804 4132 nostro
825 4066 910 4132 libro
931 4071 1063 4151 praeter
1083 4062 1211 4132 nudum
1233 4068 1362 4131 textum

128 4171 246 4235 parom
266 4156 434 4234 eegonter
455 4171 648 4236 expressum
669 4151 753 4218 nihil
773 4152 895 4239 legitur
912 4152 976 4219 nisi
994 4151 1136 4220 varietas
1158 4156 1268 4217 textus
1286 4151 1360 4219 vul·

128 4237 217 4324 garis
239 4235 282 4304 od
302 4235 425 4305 onloem
444 4257 512 4302 nno
534 4243 647 4305 tenore
668 4237 823 4306 subiooto.
868 4238 937 4321 Qui
958 4261 999 4306 ex
1021 4237 1079 4304 toli
1100 4237 1172 4323 lego
1193 4236 1362 4303 oriebatur

128 4329 240 4391 textus
260 4323 383 4390 mirum
404 4330 567 4408 quantum
589 4346 656 4392 non
677 4324 774 4392 modo
796 4324 836 4394 ab
857 4325 1068 4396 Elnoviriono
1090 4321 1236 4393 veterive
1257 4321 1360 4390 disoe-

128 4407 242 4491 debot‚
276 4407 460 4478 sedetiam
487 4431 508 4477 a
534 4410 795 4480 Griosbsohiono
822 4411 968 4500 adeoque
992 4413 1033 4482 ob
1060 4408 1211 4479 omnibus
1239 4408 1361 4477 soeouli

129 4495 308 4581 superioris
329 4496 590 4565 reoensionibns:
619 4519 703 4584 quoe
725 4498 793 4566 fere
815 4520 943 4581 omnes,
973 4498 1000 4566 si
1023 4518 1125 4565 unom
1145 4495 1359 4565 Hsrwoodio·

129 4602 207 4649 nom
238 4583 422 4668 exoeperis,
454 4585 538 4650 nihil
571 4585 659 4652 aliud
692 4592 902 4655 mutaverant
933 4585 997 4654 nisi
1029 4593 1066 4651 ut
1097 4589 1229 4651 textum
1260 4582 1361 4670 vulgo
