3000 5024
702 1387 819 1444 csPUT
837 1387 873 1444 X.

608 1563 969 1664 EDITIONES

345 1734 1233 1834 STEPHANo-PLANTINIANAE.

257 2042 384 2110 {lentus
407 2041 600 2109 aPlantino
628 2041 763 2124 eiusque
781 2042 1019 2109 suooessoribus
1048 2047 1082 2109 et
1108 2040 1241 2108 66666116
1269 2060 1411 2117 exousus

171 2129 418 2214 (lomplutensis
449 2130 512 2194 fuit
534 2129 575 2194 ad
605 2128 809 2212 exemplaria
831 2127 1034 2212 Stephanioa
1061 2149 1104 2193 ex
1130 2134 1224 2212 porte
1250 2134 1409 2195 mutatus.

171 2216 246 2282 Iam
278 2214 380 2281 insidi
411 2217 447 2281 in
480 2214 640 2281 editiones
669 2214 848 2280 nonnullas
880 2236 962 2298 quae
995 2215 1165 2282 evidenter
1195 2213 1411 2280 Plantiniono

102 2331 104 2335 ’
172 2300 384 2368 fundamento
406 2303 426 2367 1.
450 2322 476 2367 e.
500 2300 911 2385 Stephano-Complutensi
934 2307 1206 2384 superstruuntur
1227 2300 1285 2367 sed
1305 2300 1412 2366 multo

171 2388 282 2472 plures
303 2389 460 2455 leotiones
483 2386 701 2472 Stephanioas
723 2387 886 2470 resipiant
907 2409 1005 2471 quam
1027 2394 1066 2452 ut
1086 2386 1279 2470 simpliciter
1302 2386 1411 2452 eidem

173 2474 315 2540 familiae
344 2474 508 2541 accenseri
535 2474 671 2557 possint.
717 2472 868 2554 Quatuor
890 2481 968 2539 sunt
988 2473 1051 2540 hae
1073 2473 1231 2539 editiones
1258 2473 1347 2538 inter
1374 2495 1412 2539 se

174 2561 424 2640 diversissimae,
447 2560 719 2645 abibliographis
741 2560 799 2626 vix
817 2559 922 2626 obiter
944 2567 1150 2626 memoratae.
1196 2559 1308 2640 Quum
1330 2580 1412 2626 vero

173 2645 266 2712 nulla
288 2668 400 2712 earum
421 2647 578 2712 familiam
601 2646 698 2712 ducat
720 2652 754 2711 et
773 2646 905 2712 omnino
927 2647 1112 2730 singulares
1134 2646 1326 2725 manserint,
1354 2667 1412 2711 su·

64 2748 69 2752 ·
172 2753 414 2817 porvaoaneum
441 2740 521 2816 puto
549 2753 662 2797 earum
689 2731 844 2798 lectiones
866 2733 1036 2818 sigillatim
1059 2732 1215 2814 indicare,
1242 2732 1323 2799 satis
1350 2731 1412 2798 ha-

173 2819 254 2886 bens
275 2841 451 2886 numerum
473 2819 645 2902 utriusque
668 2818 789 2898 elassis,
818 2825 851 2883 et
874 2819 1157 2903 Complutensium
1178 2826 1212 2886 et
1233 2817 1412 2902 Stephani-

173 2927 296 2986 earum,
319 2906 381 2973 hoo
402 2907 472 2972 loeo
496 2904 688 2971 adseribere.
734 2903 823 2970 Sunt
843 2911 956 2972 tamen
976 2906 1051 2972 11166
1073 2928 1142 2971 non
1158 2904 1318 2990 indignae
1339 2905 1412 2989 qui·

171 2994 232 3060 bus
251 2992 411 3060 curiosius
428 2992 575 3058 animum
593 2990 789 3058 adverteris:
813 2991 1057 3059 evidentissime
1075 2993 1165 3059 enim
1182 2992 1414 3058 demonstrant

172 3099 277 3164 usquo
299 3080 340 3145 ad
362 3079 507 3145 medium
527 3079 596 3143 fere
618 3077 784 3144 saeoulum
808 3077 969 3145 deoimum
993 3079 1171 3163 septimum
1197 3085 1328 3144 textum
1357 3100 1412 3144 re-

173 3173 306 3249 oeptnm
323 3187 420 3249 quem
443 3165 580 3231 dioimus
602 3164 731 3230 nullum
752 3164 860 3245 fuisse,
883 3167 1037 3248 virosque
1060 3165 1171 3231 dootos
1190 3165 1282 3231 salva
1299 3163 1414 3231 ortho-

173 3252 289 3318 doxiae
310 3253 398 3317 fama
419 3251 459 3318 de
477 3251 536 3317 tali
558 3256 654 3316 textu
676 3251 905 3316 constituendo
927 3253 986 3319 vix
1007 3253 1105 3317 etiam
1125 3251 1293 3336 rogitasse.
1326 3250 1414 3324 Nos·

172 3345 245 3404 trae
267 3338 370 3418 enim,
398 3337 483 3421 quod
503 3338 605 3422 probe
627 3336 824 3417 notandum,
853 3359 921 3403 non
942 3359 983 3404 ex
1005 3359 1071 3404 uno
1094 3339 1202 3423 aliquo
1230 3342 1325 3405 ooetn
1355 3343 1416 3404 aut

173 3426 307 3509 ingenio
330 3432 421 3490 ortae
443 3431 531 3500 sunt,
561 3422 618 3489 sed
640 3423 762 3506 partim
791 3445 810 3487 a
836 3424 1081 3505 oatholioorum,
1110 3425 1231 3508 partim
1259 3447 1279 3491 a
1305 3429 1414 3508 prote-

175 3510 334 3576 stantium
362 3517 433 3576 tam
459 3510 728 3576 Lutheranorum
755 3529 853 3593 quom
881 3509 1140 3579 calvinistarum
1165 3509 1284 3579 studiis
1313 3510 1414 3596 origi-

174 3618 251 3662 nem
272 3601 434 3680 repetunt.

261 3683 452 3749 Memineris
473 3682 720 3748 Plautinianem
745 3680 922 3747 editionem
949 3704 977 3748 a.
1010 3686 1089 3746 1572
1120 3688 1153 3748 et
1175 3680 1416 3767 Stephanioam

174 3769 308 3835 tertiam
328 3768 410 3835 loeis
433 3772 492 3832 243
517 3789 560 3834 ex
581 3768 671 3835 mille
693 3768 816 3834 nostris
837 3766 1030 3853 disorepare.

566 4029 581 4111 s
606 4031 633 4093 1.
677 4025 840 4092 666616
868 4025 1019 4094 niun

177 4223 229 4279 l*
263 4219 460 4283 COLONIAE
471 4221 502 4278 ia
516 4222 631 4292 officina
641 4222 858 4279 Birolrmaooieo
873 4223 1005 4280 66666166
1016 4224 1139 4281 Arrroldi
1148 4224 1241 4298 Melit
1267 4221 1359 4286 1592.
1384 4223 1414 4286 8.

261 4372 403 4439 Additur
426 4373 461 4437 in
484 4372 588 4438 altera
609 4371 763 4438 oolnmna
784 4373 892 4439 versio
914 4373 1049 4457 vulgata
1078 4394 1098 4440 6
1119 4374 1281 4461 theologis
1303 4375 1416 4444 Lora·

173 4459 343 4525 niensibus
376 4461 544 4544 recognita
577 4479 658 4542 quae
688 4457 729 4523 ab
759 4459 859 4525 Ariae
886 4459 1040 4526 Montani
1073 4481 1171 4545 opere
1197 4461 1416 4528 multifariam

174 4545 344 4634 discrepat.
390 4547 482 4615 Rara
508 4545 662 4613 aethaeo
690 4543 789 4612 editio
809 4551 843 4612 et
871 4567 989 4632 parum
1017 4554 1103 4614 nota.
1149 4548 1315 4617 Lorokius
1341 4569 1416 4616 eam
