3000 5024
66 236 90 285 n
314 234 512 291 rumonus
530 237 1060 299 auusnuemo-unznvrnuuau.
1237 251 1299 313 219

66 416 217 481 111111
247 417 288 483 θ.
320 420 364 480 a*
387 420 454 478 40*
482 414 516 480 A.
545 421 570 480 1.
597 414 633 478 n.
661 417 729 480 115.
754 416 846 496 (om.)
869 417 905 480 Σ.
930 419 993 478 ea*
1016 422 1082 482 aa·
1108 422 1192 482 raaa
1215 421 1300 499 (sine

66 503 179 587 oncis).
237 504 319 568 'l'rcs
351 504 478 588 priores
510 501 665 567 lectiones
698 521 739 566 ex
773 501 979 568 Griesbachii
1010 505 1159 588 margine
1190 512 1301 588 potere

66 596 200 672 poterat,
220 590 384 655 asteriscis
405 593 536 653 notatas
556 587 623 651 iam
644 607 664 650 a
686 587 900 654 Lachmanno
922 590 1076 654 mutuari.

147 674 254 742 Guius
276 675 411 741 editoris
439 673 591 739 doctrina
620 694 721 755 quum
752 675 870 757 alioqui
893 674 979 739 haud
1003 676 1189 759 spernenda
1211 678 1300 744 vide·

67 767 163 840 retur,
187 781 256 827 non
279 761 361 826 satis
389 760 502 825 mirari
530 760 622 841 potui
651 760 721 823 eius
743 760 913 826 audaciam
934 782 998 843 qua
1019 768 1133 827 contra
1155 765 1301 830 omnium

67 845 211 914 codicum
231 847 330 913 fidam
352 847 390 911 in
411 846 573 912 Matthaei
592 845 791 929 genealogia,
815 855 852 910 ut
874 848 993 911 scriem
1011 848 1194 913 Isaidarum
1215 851 1301 916 inte·

66 954 156 1017 gram
179 934 379 1011 restitueret,
403 933 491 997 inter
512 932 680 996 Iolamum
709 943 742 996 et
762 932 878 998 Usiam
907 954 965 997 suo
994 941 1098 998 marte
1126 935 1226 999 trium
1248 958 1300 1002 re·

25 1067 28 1073 .
66 1041 141 1102 gum
162 1021 300 1084 nomina
320 1020 470 1098 inseruit,
491 1025 570 1096 tum,
595 1025 632 1081 ut
653 1038 826 1082 numerum
851 1020 1097 1100 quatuordeeim
1116 1023 1300 1104 generatio·

64 1126 143 1169 num
164 1105 350 1172 absolutum
373 1104 542 1170 exhiberet
560 1103 689 1185 qualem
712 1104 913 1187 evangelista
934 1106 1035 1171 luisse
1057 1107 1175 1183 innuit,
1188 1108 1301 1173 Iecho-

62 1193 154 1257 niam
176 1192 228 1258 bis
247 1192 412 1257 recensuit
433 1190 479 1256 sio
497 1189 657 1255 scribens:
680 1188 816 1271 Ἰεχονίας
839 1188 870 1254 δὲ
892 1193 931 1271 ἐγ.
943 1190 991 1254 τὸν
1003 1196 1146 1274 lexoviae,
1167 1196 1300 1276 Ιεχονίας

63 1275 92 1342 δὲ
114 1280 158 1359 ἔγ.
178 1275 228 1340 τὸν
245 1277 416 1359 Σαλαθιήλ.

61 1488 140 1550 30)
160 1486 286 1558 PARIS,
302 1489 471 1563 imprimeris
488 1494 514 1544 ct
530 1487 656 1543 lehrairic
674 1487 823 1559 6161114626
839 1489 966 1545 chutcs
975 1489 1118 1549 Delalaia.
1142 1489 1230 1550 1854.
1254 1487 1300 1551 12.

150 1621 370 1686 Harmoniam
391 1620 477 1685 hanc
508 1626 647 1703 quatuor
676 1621 920 1703 evangeliorum
954 1622 1088 1687 unicum
1121 1630 1155 1687 61
1186 1643 1302 1707 perpe-

55 1715 160 1775 tuum
183 1714 312 1772 textum
334 1706 557 1783 exhibentem,
585 1727 653 1770 non
675 1724 753 1771 vero
774 1706 887 1788 plures
916 1708 1086 1792 synoptico
1114 1708 1301 1792 descriptos,

52 1815 121 1879 pro
146 1794 290 1859 instituti
319 1793 384 1858 mei
417 1792 489 1875 lege
522 1792 653 1857 silentio
686 1793 995 1873 praetermitterem,
1024 1794 1089 1858 nisi
1116 1816 1169 1860 me
1197 1795 1302 1878 ipsius

53 1886 179 1947 textus
200 1880 284 1945 ratio
305 1878 404 1961 plane
426 1876 604 1963 singularis
625 1885 782 1942 moveret.
826 1878 976 1945 Libellus
998 1881 1086 1944 enim
1108 1902 1166 1963 per
1187 1903 1223 1947 se
1245 1882 1303 1948 vix

49 1967 167 2033 ullam
187 1964 317 2031 laudem
343 1965 463 2029 mereri
491 1964 630 2031 videtur.
676 1961 786 2044 Quem
813 1971 907 2029 autor
934 1965 972 2030 P.
997 1965 1147 2031 Lachere
1174 1967 1214 2032 ab
1237 1968 1301 2032 Ar·

49 2052 272 2136 ohiepisoopo
293 2051 474 2117 Parisiensi
501 2050 717 2133 approbatum
745 2055 880 2127 (nomen
906 2051 1132 2117 subscribente
1155 2052 1211 2117 cel.
1235 2053 1303 2118 Lu·

48 2139 182 2207 dovioo
224 2138 369 2204 Bautain
412 2137 490 2202 olim
533 2134 758 2221 philosophiae
800 2137 981 2219 professore
1019 2139 1301 2222 Argentoratensi,

47 2231 178 2310 postea
199 2223 396 2290 Parisiensis
417 2222 600 2288 dioeceseos
622 2221 745 2288 vicario
773 2223 943 2306 generali),
965 2221 1051 2288 ludis
1074 2223 1301 2292 ecclesiasticis

47 2309 253 2378 meduanae
281 2316 316 2375 et
342 2308 619 2383 annotatiunculis
650 2307 831 2373 illustravit
863 2331 904 2374 61
936 2310 1036 2376 161116
1064 2311 1301 2394 interpretibus

47 2396 236 2465 catholicis
259 2396 338 2461 satis
359 2395 533 2461 infeliciter
556 2394 706 2459 collectis.
751 2394 792 2459 In
815 2396 899 2460 serio
927 2396 1152 2479 pericoparum
1179 2398 1300 2464 consti-

49 2481 191 2551 tuenda
210 2482 419 2548 Matthaoum
442 2479 557 2547 ducem
580 2480 640 2546 sibi
664 2479 771 2564 elegit,
800 2482 857 2569 cui
876 2482 1025 2548 Marcum
1056 2490 1089 2547 61
1110 2483 1238 2549 Lucam
1265 2484 1302 2549 in

47 2569 209 2654 plurima
236 2569 450 2650 brevioraque
478 2569 584 2631 frusta
611 2565 789 2649 discerptos
819 2569 911 2649 quasi
934 2567 1137 2635 devorandos
1159 2569 1301 2635 tradidit

50 2656 194 2722 Verum
214 2654 277 2721 hoo
299 2676 366 2720 non
394 2659 567 2720 contentus
595 2651 809 2736 singulorum,
837 2654 864 2717 si
893 2675 957 2736 qna
979 2656 1151 2735 exstiterit,
1181 2654 1302 2722 discre-

47 2742 215 2827 pantiam
235 2740 391 2806 facillimo
412 2739 546 2825 negotio
568 2739 719 2816 removit,
742 2760 828 2805 nova
851 2739 961 2822 aliqua
981 2750 1016 2806 et
1036 2742 1210 2808 arbitraria
1226 2762 1302 2806 nar·

50 2828 194 2894 ratione
226 2827 341 2906 efficta,
375 2847 425 2891 ex.
449 2848 496 2910 gr.
531 2825 566 2889 in
599 2823 737 2890 historia
769 2826 1016 2893 resurrectionis
1049 2837 1082 2892 61
1114 2828 1199 2894 alibi.
1245 2827 1302 2894 Sic

53 2914 176 2993 etiam,
198 2912 320 2979 utalia
341 2918 475 2990 taceam,
504 2912 539 2975 in
561 2911 709 2995 catalogo
731 2909 965 2993 discipulorum
992 2911 1149 2979 tredecim
1169 2915 1303 2979 nomina

55 3006 223 3078 recenset,
256 3020 300 3064 ne
329 2997 382 3065 161
403 2998 504 3063 Iudas
527 2996 638 3062 Iacobi
670 2997 723 3062 vol
746 2997 919 3063 Lobbacus
952 2998 1035 3063 alter
1064 2999 1159 3063 alteri
1188 2999 1302 3064 cedere

56 3091 246 3171 cogeretur,
270 3106 350 3168 qnos
372 3091 531 3151 commate
553 3083 748 3165 interposito
769 3080 881 3148 sedulo
905 3083 1091 3168 destinguit.
1125 3085 1302 3150 Caeterum

58 3179 206 3250 textum,
230 3179 390 3254 quatenus
412 3170 467 3234 ille
490 3191 531 3234 61
553 3167 613 3234 1611
635 3168 824 3235 confusione
847 3167 992 3253 dignosci
1020 3176 1136 3252 potest,
1158 3171 1226 3235 1616
1248 3192 1302 3235 eo-

61 3258 142 3324 dem
174 3256 271 3322 modo
304 3279 366 3341 quo
395 3255 624 3340 Gehringerus
656 3276 752 3319 suum
786 3255 994 3320 constituisse
1026 3254 1156 3320 videtur
1189 3255 1301 3337 editor,

61 3343 203 3427 ideoque
229 3342 350 3409 librum
378 3343 448 3408 eius
481 3342 543 3408 hoc
576 3341 783 3423 potissimum
815 3340 884 3405 loco
917 3341 1153 3406 recensendum
1174 3343 1299 3424 putavi.

61 3429 295 3496 Elzovirianus
327 3437 377 3496 est
406 3430 474 3494 fere
496 3435 595 3506 totus,
628 3427 685 3492 sed
717 3427 795 3492 hinc
825 3426 902 3491 inde
934 3428 1074 3509 receptis
1106 3427 1301 3494 lectionibus

65 3515 337 3583 Griesbaohianis
358 3522 392 3582 et
413 3512 700 3597 complutensibus
723 3514 878 3591 variatus,
903 3534 985 3596 quas
1006 3514 1072 3578 nisi
1094 3535 1134 3578 61
1157 3514 1301 3580 Gehrin·

65 3623 145 3687 gero
173 3601 246 3685 ipso
272 3602 392 3684 petitas
420 3602 527 3667 dicere
559 3599 724 3677 malueris,
757 3600 816 3664 111
849 3620 890 3662 61
924 3599 988 3663 alio
1023 3600 1110 3665 fonte
1134 3599 1301 3666 derivatas

66 3687 263 3756 crediderim
295 3709 395 3771 quam
428 3709 470 3752 61
500 3686 642 3770 vulgatis
674 3685 793 3751 libellis
825 3685 1027 3752 scholasticis
1059 3685 1302 3752 Parisiensibus

67 3781 100 3841 et
116 3775 278 3844 catholica
299 3773 416 3857 aliqua,
438 3775 574 3839 fortasse
596 3771 733 3851 Grataii,
756 3770 909 3848 editione,
932 3770 972 3837 de
995 3793 1059 3854 qua
1080 3779 1192 3838 tamen
1213 3771 1307 3857 apud.

68 3867 218 3928 autorem
238 3861 433 3927 altissimum
454 3859 629 3925 silentium.
