3030 5024
724 1363 841 1420 CAPUT
859 1364 934 1420 xm

215 1538 575 1638 EDITIONES
604 1538 916 1638 ORITIOAE
936 1534 1237 1637 MINORES
1265 1539 1453 1638 POST·

525 1709 1129 1811 GRIESBAOHIANAE.

606 2022 622 2104 q
647 2025 674 2086 1.
718 2016 882 2087 annio
903 2017 1056 2086 Panna

349 2229 402 2291 a*
443 2214 611 2302 adanon,
628 2233 677 2304 aa
693 2232 758 2288 Ja.
777 2232 888 2288 naua.
905 2215 994 2289 aaa
1031 2229 1250 2292 roeo-reor.
1285 2231 1314 2294 a.

302 2362 530 2431 Famosissimi
551 2369 628 2432 sunt
650 2366 686 2431 in
708 2366 846 2432 historia
872 2364 1154 2448 interpretationis
1176 2363 1211 2431 S.
1235 2363 1269 2432 S.
1293 2365 1371 2431 libri
1393 2387 1454 2432 ex·

216 2450 332 2533 egetioi
354 2471 435 2533 quos
463 2450 525 2516 hoe
555 2451 683 2517 saeoulo
712 2453 847 2517 ineunte
873 2452 908 2516 in
936 2451 1058 2534 vulgus
1087 2450 1191 2518 edidit
1212 2451 1255 2518 H.
1278 2451 1339 2518 Εἰ).
1366 2451 1453 2518 Gttl.

100 2610 103 2613 ,
215 2536 340 2602 Paulus
362 2537 524 2620 professor
546 2537 624 2603 olim
645 2538 809 2617 lenensis,
838 2544 950 2622 postea
972 2538 1255 2623 Virceburgensis‚
1284 2536 1455 2623 postremo

213 2621 519 2708 Heidelbergensis,
548 2624 602 2690 vir
631 2625 753 2689 eximia
781 2625 930 2692 doetrina
956 2646 1096 2710 raraque
1125 2625 1228 2689 animi
1254 2623 1453 2691 fortitudine

213 2708 363 2795 insignis,
386 2709 443 2776 sed
465 2711 577 2793 quiin
600 2709 817 2777 diiudicandis
838 2710 1033 2794 antiquioris
1055 2711 1127 2778 aevi
1150 2710 1268 2777 studiis
1290 2718 1323 2777 et
1344 2710 1452 2778 sensi·

104 2832 109 2837 ·
213 2793 284 2875 bus,
307 2795 398 2861 omni
421 2817 520 2862 sanae
542 2798 677 2863 rationis
697 2797 794 2862 modo
815 2798 1010 2881 posthabito,
1034 2808 1165 2864 nostrae
1187 2799 1303 2864 aetatis
1324 2797 1453 2882 placita

213 2882 280 2948 imo
302 2904 361 2949 sua
383 2883 485 2968 ipsius
507 2885 639 2967 propria
660 2884 756 2949 unioe
778 2892 1005 2968 persequutus,
1028 2884 1142 2951 eadem
1164 2883 1264 2950 etiam
1282 2885 1452 2951 veteribus

215 2968 426 3054 scriptoribus
456 2969 629 3036 obtrudere
656 2971 843 3055 quaerebat,
872 2979 904 3036 et
932 2971 995 3037 hae
1024 2970 1077 3037 de·
1092 2992 1206 3050 eausa,
1240 2970 1325 3054 quod
1349 2971 1451 3056 vulgo

215 3057 358 3121 maxime
380 3057 592 3139 conspicuum
615 3065 685 3122 orat
712 3058 844 3140 eiusque
873 3059 994 3123 famam
1021 3057 1121 3122 etiam
1149 3055 1190 3122 ad
1215 3066 1345 3124 exteros
1374 3079 1451 3142 per·

214 3142 300 3222 tulit,
322 3142 480 3208 miracula
509 3143 666 3208 historiae
688 3144 895 3228 evangelicae
922 3143 964 3209 ad
986 3163 1175 3210 eommunes
1197 3151 1335 3210 naturae
1357 3143 1451 3228 leges

214 3239 331 3293 exaeta
352 3230 444 3311 quasi
466 3249 660 3296 evanescere
680 3229 786 3295 iussit.

300 3312 394 3379 Inter
416 3315 485 3380 eius
508 3337 607 3400 opera
629 3316 798 3400 exegetica
819 3338 924 3382 unum
953 3321 1007 3383 est
1024 3316 1176 3400 idemque
1198 3314 1451 3383 celeberrimum

215 3400 271 3466 oui
287 3399 397 3482 ipsum
415 3408 543 3466 textum
556 3423 712 3486 graecum
729 3403 870 3469 inseruit
886 3403 980 3468 novis
999 3404 1088 3470 euris
1107 3403 1323 3488 recognitum.
1348 3401 1450 3470 Gom·

214 3487 412 3551 mentarium
436 3485 506 3554 dieo
528 3489 563 3553 in
586 3490 652 3554 tria
672 3489 782 3571 priora
804 3489 975 3574 evangelia
996 3491 1101 3556 tribus
1120 3490 1340 3557 voluminibus
1359 3509 1452 3556 oom-

213 3572 415 3657 prehonsum
433 3576 485 3640 oui
502 3575 537 3638 in
556 3575 697 3641 seeundo
715 3576 857 3641 editione
876 3577 1012 3642 aoeessit
1027 3584 1136 3642 tomus
1154 3586 1288 3660 quartus
1305 3576 1452 3659 priorem

99 3725 100 3730 ,
213 3668 342 3742 partem
370 3661 535 3745 evangelii
562 3662 699 3726 Ioannoi
726 3664 913 3740 continens,
946 3663 993 3728 ita
1019 3669 1074 3738 ut,
1108 3683 1210 3746 quum
1237 3661 1337 3728 huius
1370 3681 1453 3747 pars

214 3745 331 3810 ultima
353 3747 419 3811 iarn
439 3747 595 3813 historiae
616 3748 778 3831 passionis
800 3749 937 3815 Domini
955 3748 1007 3814 διὰ
1023 3745 1177 3833 τεσσάρων
1194 3751 1369 3816 enarratae
1390 3748 1453 3815 ad·

215 3830 283 3897 dita
304 3833 412 3912 fuerit,
435 3835 567 3900 nonnisi
590 3855 649 3899 sex
670 3835 778 3917 oapita
800 3834 1025 3901 desiderentur
1047 3836 1107 3915 (Io.
1125 3835 1362 3914 XII-XVII)
1386 3856 1454 3918 quo

213 3919 324 3984 minus
346 3918 476 4005 integra
498 3921 671 4004 evangelia
692 3922 746 3987 hio
768 3921 876 3988 denuo
898 3923 1059 3989 recensita
1081 3926 1247 4008 exstent„

299 4007 411 4090 Atque
429 4028 508 4072 sane
528 4007 610 4072 haee
629 4008 754 4073 autoris
772 4009 917 4074 reoensio
935 4031 1022 4075 nova
1039 4014 1072 4075 et
1083 4010 1111 4074 si
1130 4029 1232 4093 penes
1249 4006 1454 4074 recentiores
1482 4009 1486 4013 ’

213 4091 343 4159 oritioos
363 4092 522 4159 iudicium
543 4094 650 4174 fuerit,
674 4095 730 4178 qni
751 4102 863 4160 tamen
883 4094 923 4161 de
940 4103 1054 4162 nostro
1072 4095 1231 4161 altissime
1249 4093 1358 4170 silent,
1381 4114 1454 4159 non

212 4198 331 4263 parum
353 4179 620 4245 commendanda.
664 4179 708 4244 In
734 4181 926 4248 universum
955 4189 1069 4248 textus
1095 4188 1146 4248 est
1168 4178 1455 4248 Griesbaohianns

213 4284 255 4330 ex
278 4264 419 4331 editione
442 4265 585 4333 secunda
606 4272 678 4331 turn
701 4269 856 4353 temporis
874 4269 1105 4348 recentissima,
1129 4287 1229 4351 aqua
1245 4273 1360 4332 tamen
1378 4288 1454 4334 sae·

213 4350 347 4436 pissime
368 4350 492 4418 reaedit
520 4373 625 4419 novus
654 4353 759 4419 editor
786 4376 853 4420 non
881 4361 950 4421 tam
977 4354 1171 4422 lectionibus
1198 4353 1272 4420 aliie
1300 4352 1455 4438 probatis

212 4437 402 4523 indulgens,
431 4460 530 4522 quam
558 4437 623 4504 fide
651 4441 787 4506 testium
816 4443 1024 4525 antiquorum
1054 4449 1152 4507 antea
1177 4442 1245 4506 non
1274 4459 1455 4524 expressas

213 4524 383 4608 recipiens.
426 4523 469 4590 In
491 4526 610 4610 quibus
632 4531 742 4591 tamen
766 4547 832 4592 non
855 4548 929 4595 raro
951 4528 1055 4612 ipsius
1078 4525 1287 4596 Griesbaohii
1315 4525 1456 4594 easdem
