3000 5024
63 240 94 290 Ψ
384 232 580 292 uumerus
598 231 975 292 TIeeuuuuoaursuau.
1235 238 1297 300 253

62 426 165 492 quem
185 405 222 471 in
239 403 380 491 singulis
403 403 601 471 editionibus
617 403 832 470 multifariam
853 405 1065 471 immutatum
1086 409 1298 491 reperiamus,

63 491 191 561 scilicet
209 491 350 559 subinde
378 490 420 557 ad
436 489 545 565 ‚fidem
573 491 711 556 aliorum
739 505 772 556 ct
800 513 959 558 nouorum
987 494 1120 559 testium
1143 495 1300 560 reforma·

63 588 135 645 tum
164 586 199 645 et
219 586 411 644 correctum.
456 575 546 643 Sane
577 577 639 644 hoc
667 599 725 660 per
752 600 787 643 sc
814 585 997 660 spectatum
1025 581 1129 646 autori
1163 581 1300 645 minime

63 665 148 731 vitio
170 665 256 732 verti
276 663 381 744 debet,
415 684 516 747 quum
544 664 578 728 in
607 665 757 730 omnibus
787 665 883 729 rebus
911 666 1098 730 mortalium
1128 665 1300 750 sagacitati

62 752 233 836 permissis
256 750 325 816 dies
358 749 444 815 diem
476 749 597 830 doceat,
626 757 659 815 et
686 751 713 816 si
744 751 815 832 quis
843 751 906 816 sibi
927 752 989 834 ipsi
1011 751 1137 817 diffidat
1158 773 1300 836 suosque

63 859 193 904 errores
219 836 357 904 candide
384 846 550 921 agnoscat,
572 835 605 901 id
627 837 736 920 potius
764 835 926 902 laudabile
956 839 1007 904 sit
1052 839 1167 922 Neque
1199 841 1299 904 etiam

63 923 106 989 de
128 923 218 989 hisce
239 921 406 989 laboribus
433 942 472 987 ea
498 943 562 1005 qua
591 923 684 988 decet
712 923 874 1005 aequitate
896 923 1115 990 indicaremus
1139 925 1167 990 si
1188 927 1300 992 statim

63 1011 105 1076 ab
127 1010 233 1090 initio,
255 1030 356 1093 quum
377 1006 515 1075 subinde
533 1028 619 1076 nova
641 1021 674 1072 et
695 1010 921 1093 inexspectata
942 1009 1096 1089 subsidia,
1116 1033 1215 1095 eaque
1237 1013 1299 1077 mi·

62 1097 153 1162 nime
175 1095 380 1180 negligenda,
408 1100 538 1179 reperta
563 1095 686 1159 fuerint
713 1101 746 1159 et
779 1094 923 1177 quotidie
949 1097 1049 1161 etiam
1080 1099 1297 1181 reperiantur,

64 1194 177 1248 textus
197 1182 486 1248 conformationem
508 1181 650 1264 aliquam
684 1183 812 1245 firmam
843 1190 876 1245 et
904 1183 1003 1246 fixam
1020 1191 1124 1267 atque
1145 1182 1299 1268 deinceps

62 1288 132 1334 non
160 1268 301 1352 amplius
327 1267 519 1333 variandam
546 1269 679 1352 exigere
708 1270 1033 1351 praesumpserimus.
1078 1270 1204 1336 Verum
1233 1272 1298 1335 for·

62 1366 151 1421 tasse
179 1355 242 1420 Vir
273 1354 505 1421 solertissimus
533 1363 567 1419 et
599 1353 696 1418 rebus
728 1353 796 1418 suis
827 1363 861 1418 ct
886 1355 1004 1419 studiis
1031 1355 1154 1422 criticis
1181 1357 1298 1424 melius

60 1442 284 1527 prospexisset
311 1441 341 1505 si
368 1440 473 1505 textui
502 1440 601 1506 alicui
626 1439 724 1505 unico
752 1448 786 1505 ct
813 1440 1008 1520 invariabili,
1032 1442 1084 1508 vel
1107 1450 1204 1508 antea
1224 1443 1298 1527 plu·

60 1529 155 1594 rimis
176 1527 411 1608 commendato,
433 1526 486 1592 vel
506 1526 574 1591 iam
596 1526 660 1591 sibi
680 1526 742 1610 ipsi
760 1527 903 1591 maxime
918 1527 1064 1609 probato,
1087 1529 1141 1593 vel
1160 1528 1299 1613 denique

62 1635 105 1680 ex
146 1613 341 1698 quibusdam
373 1612 539 1680 codicibus
571 1612 860 1696 praestantissimis
892 1612 1064 1697 desumpto
1104 1624 1299 1699 apparatum

61 1721 161 1766 suum
181 1708 251 1765 tam
271 1700 355 1765 mire
376 1700 413 1764 in
440 1699 510 1766 dies
544 1709 676 1766 auctum
705 1706 835 1782 tamque
862 1700 976 1765 sedulo
1004 1699 1168 1784 digestum
1190 1701 1297 1767 subie-

61 1786 171 1867 cisset,
193 1794 232 1851 ut
262 1787 412 1852 fecerunt
438 1785 515 1851 olim
545 1785 718 1851 clarissimi
750 1793 882 1868 patrum
904 1787 1062 1852 memoria
1084 1787 1197 1867 critici,
1228 1794 1299 1853 tum

64 1875 167 1939 etiam
195 1880 326 1938 nostrae
352 1873 452 1938 aetati
480 1872 655 1957 propiores.
700 1871 964 1938 Tischendorfius
985 1893 1066 1938 vero
1088 1872 1166 1939 inde
1187 1896 1207 1939 a
1228 1881 1298 1940 stu·

64 1958 196 2033 diorum
223 1980 357 2025 suorum
384 1959 480 2023 initio
511 1959 546 2022 id
575 1959 719 2022 maxime
751 1958 818 2042 egit
851 1966 888 2022 ut
919 1960 1029 2042 ipsum
1052 1967 1181 2025 textum
1204 1961 1298 2027 novis

64 2047 153 2113 curis
174 2052 361 2112 recenseret
381 2052 416 2111 et
441 2045 478 2109 in
505 2044 568 2109 hoe
596 2045 726 2128 negotio
754 2045 896 2127 primum
918 2045 1128 2110 Lachmanni
1157 2047 1298 2131 vestigia

62 2132 210 2217 pressius
247 2139 406 2216 sequutus
434 2131 678 2214 antiquissimos
716 2137 826 2210 testes,
860 2151 979 2213 eosque
1013 2133 1189 2214 pauciores,
1230 2134 1298 2199 fere

65 2219 152 2287 solos
181 2216 358 2284 audiendos
386 2219 531 2302 putavit,
561 2226 753 2300 textumque
781 2218 949 2282 constituit
978 2218 1091 2284 multis
1119 2219 1212 2285 novis
1232 2218 1298 2284 leo·

63 2304 219 2383 tionibus,
246 2304 268 2369 i
297 2325 324 2369 e.
355 2325 523 2388 nunquam
558 2313 656 2368 antea
687 2303 827 2388 receptis
861 2304 1081 2386 conspicuum,
1115 2305 1299 2390 adeoquea

62 2391 197 2478 vulgari
218 2392 356 2456 ennium
376 2389 713 2470 maximediversum;
735 2398 856 2473 postea,
880 2392 983 2456 auctis
1006 2392 1073 2457 suis
1091 2392 1201 2476 copiis,
1225 2414 1297 2459 sen-

63 2479 203 2545 tentiam
224 2498 317 2543 suam
337 2477 462 2562 passim
483 2478 626 2543 mutavit
653 2484 688 2541 et
708 2475 867 2561 singulari
891 2498 950 2542 sua
972 2477 1191 2560 plurimorum
1213 2478 1298 2546 loco·

63 2585 139 2630 rum
167 2563 334 2648 scriptura
361 2566 397 2629 in
425 2562 561 2628 dubium
590 2569 742 2630 revocata
768 2564 896 2645 saepius
923 2562 965 2628 ad
992 2585 1064 2629 eam
1092 2564 1191 2630 rediit
1215 2585 1299 2648 quae

61 2657 97 2717 et
117 2650 192 2717 aliis
214 2658 313 2716 antea
333 2649 509 2734 placuerat,
531 2655 696 2733 postremo
717 2671 784 2714 non
806 2668 882 2714 raro
904 2650 946 2715 ad
968 2671 1041 2715 eam
1059 2672 1142 2733 quae
1164 2675 1207 2717 ex
1228 2673 1298 2718 sae·

60 2737 169 2803 calari
195 2758 259 2802 usu
281 2757 302 2802 a
326 2737 494 2802 veteribus
522 2737 617 2801 unice
650 2736 757 2800 fuerat
787 2757 950 2819 expressa.
996 2736 1106 2802 Simul
1133 2738 1169 2802 in
1191 2739 1299 2804 discu-

61 2822 183 2890 tiendis
202 2821 415 2902 variantibus,
443 2822 502 2888 ubi
522 2822 670 2906 primarii
700 2828 800 2887 testes
822 2822 885 2905 ipsi
912 2823 946 2886 in
974 2823 1138 2889 contraria
1167 2825 1297 2902 abeunt,

60 2930 139 2977 eum
160 2908 300 2976 internis
322 2930 405 2993 quas
427 2908 541 2974 dicunt
562 2908 746 2973 rationibus
768 2907 905 2973 subinde
932 2910 979 2972 ita
1006 2916 1153 2975 utentem
1183 2908 1298 2993 depre-

61 2996 197 3075 hendes,
219 3005 258 3061 ut
275 3015 364 3061 nune
395 2995 482 3060 hanc
509 3015 598 3060 nunc
624 2993 716 3058 illam
743 2993 915 3059 lectionem
943 2996 1216 3079 praestantiorem
1239 2997 1296 3061 ha-

59 3082 147 3163 beat,
169 3082 224 3148 vel
247 3088 385 3147 externa
406 3080 582 3147 autoritate
605 3080 697 3145 nulla
714 3101 800 3144 nova
816 3081 851 3144 in
870 3101 1004 3145 censum
1027 3082 1190 3147 veniente.
1225 3081 1298 3148 Hoc

60 3176 113 3233 est
132 3190 193 3235 cur
214 3189 314 3252 supra
341 3167 491 3247 dixerim,
514 3167 624 3232 studia
645 3166 758 3232 critica
778 3167 814 3230 in
836 3166 929 3231 Novo
952 3167 1162 3232 Testamento
1184 3169 1298 3250 purius

62 3252 189 3322 edendo
221 3255 335 3339 posita,
367 3254 517 3338 quamvis
550 3275 570 3319 a
601 3252 825 3319 recentissimo
853 3252 916 3318 hoc
939 3255 1095 3337 scriptore
1128 3253 1298 3337 splendide

60 3348 221 3426 promota,
244 3339 390 3405 nondum
423 3352 534 3405 tamen
563 3362 601 3405 eo
622 3339 812 3423 peruenisse
845 3347 883 3404 ut
905 3361 973 3406 rem
1008 3340 1142 3405 omnino
1170 3341 1297 3407 conlec-

61 3436 130 3492 tam
153 3426 338 3506 credideris,
362 3426 418 3492 sed
447 3427 700 3510 exspectandum
729 3446 809 3505 esse,
843 3425 928 3509 quod
962 3426 1003 3490 ad
1033 3428 1143 3509 ipsum
1170 3434 1299 3493 textum

61 3515 189 3595 attinet,
211 3521 371 3597 quantum
392 3515 464 3577 fieri
485 3514 606 3596 poterit
627 3512 668 3576 ad
686 3512 908 3579 authenticam
927 3534 1020 3577 suam
1042 3515 1181 3579 formam
1198 3516 1298 3579 refin-

61 3598 218 3687 gendum,
240 3599 321 3665 dum
342 3599 459 3682 aliquis
481 3602 613 3664 futurus
640 3599 781 3678 criticus,
805 3606 838 3663 et
858 3598 1017 3683 patientia
1039 3606 1072 3664 et
1094 3600 1243 3665 acumine
1266 3606 1299 3665 et
1365 3602 1369 3610 '

59 3686 257 3771 pracsertim
278 3687 447 3772 exegetica
468 3686 601 3751 solertia
622 3685 821 3751 sufficienter
845 3685 1036 3765 instructus,
1068 3707 1110 3751 cx
1136 3686 1299 3752 immenso

61 3781 222 3857 apparatu
254 3771 546 3848 aristhendorfio
584 3778 746 3856 congesto,
781 3779 814 3836 et
843 3772 899 3837 vix
933 3772 1021 3836 ultra
1059 3772 1297 3856 locupletando,

60 3856 376 3940 desideratissimum
397 3858 493 3923 illum
515 3865 644 3937 textum
664 3859 793 3931 eruerit.

147 3944 191 4010 In
213 3945 421 4012 recensendis
444 3943 682 4011 Tischendorfii
711 3943 917 4023 editionibus,
947 3966 1132 4028 quanquam
1161 3945 1298 4012 maximi

60 4040 174 4101 nostro
202 4039 350 4117 tempore
376 4032 443 4098 sint
470 4053 551 4098 usus
584 4040 617 4096 et
649 4032 815 4111 momenti,
854 4030 1062 4116 paucioribus
1101 4053 1198 4116 quam
1237 4054 1297 4117 pro

59 4140 153 4187 more
174 4116 271 4185 dictis
292 4118 398 4185 officio
420 4140 493 4184 meo
520 4117 655 4204 defungi
675 4138 818 4202 possum,
841 4138 943 4202 quum
964 4138 1065 4201 supra
1087 4119 1127 4184 ad
1150 4119 1297 4204 singulas

10 4284 12 4289 ,
59 4205 219 4274 lectiones
241 4205 282 4272 ab
310 4205 418 4289 aliquo
451 4203 573 4271 editore
605 4205 711 4290 prima
744 4205 816 4271 vice
845 4207 881 4269 in
908 4211 1039 4269 textum
1070 4210 1218 4287 receptas
1241 4205 1297 4270 Ti·

59 4292 260 4361 sohendorfii
281 4312 411 4374 nomen,
433 4292 618 4377 ubicunque
640 4292 826 4372 assenserit,
849 4290 1087 4374 adscripserim.
1131 4292 1205 4357 Hoc
1226 4291 1297 4358 loco

61 4379 165 4466 igitur
185 4385 297 4446 textus
320 4380 360 4446 ab
382 4400 421 4444 eo
448 4379 590 4445 restituti
618 4377 659 4444 ad
687 4379 812 4462 priores
839 4380 1031 4462 praecipuas
1053 4377 1200 4444 eiusdem
1220 4400 1296 4444 con·

60 4467 275 4533 formationes
298 4467 459 4533 rationem
481 4468 672 4534 summatim
694 4465 838 4550 relegere
859 4464 939 4531 satis
958 4465 1084 4531 habebo
1105 4474 1139 4529 et
1152 4471 1296 4530 tantum-

60 4553 158 4619 modo
178 4573 261 4638 quae
280 4554 379 4638 plene
400 4575 487 4622 nova
509 4554 657 4633 aderunt,
691 4573 732 4617 ex
765 4573 837 4620 meo
866 4572 1003 4618 numero
1030 4550 1223 4635 millenario,
1248 4551 1295 4629 ,si-

60 4640 202 4729 gillatim
224 4640 423 4743 significabo.
