<?xml version="1.0" encoding="UTF-8"?>
<!DOCTYPE html PUBLIC "-//W3C//DTD XHTML 1.0 Transitional//EN"
    "http://www.w3.org/TR/xhtml1/DTD/xhtml1-transitional.dtd">
<html xmlns="http://www.w3.org/1999/xhtml" xml:lang="en" lang="en">
 <head>
  <title>
</title>
<meta http-equiv="Content-Type" content="text/html;charset=utf-8" />
  <meta name='ocr-system' content='tesseract 3.04.00' />
  <meta name='ocr-capabilities' content='ocr_page ocr_carea ocr_par ocr_line ocrx_word'/>
</head>
<body>
  <div class='ocr_page' id='page_1' title='image "./bibliothecanovi00reusgoog_0163.png"; bbox 0 0 3000 5024; ppageno 0'>
   <div class='ocr_carea' id='block_1_1' title="bbox 738 233 935 292">
    <p class='ocr_par' dir='ltr' id='par_1_1' title="bbox 738 233 935 292">
     <span class='ocr_line' id='line_1_1' title="bbox 738 233 935 292; baseline 0.01 -2"><span class='ocrx_word' id='word_1_1' title='bbox 738 233 855 291; x_wconf 76' lang='lat' dir='ltr'><strong>CAPUT</strong></span> <span class='ocrx_word' id='word_1_2' title='bbox 873 233 935 292; x_wconf 82' lang='lat' dir='ltr'><strong>XII.</strong></span> 
     </span>
    </p>
   </div>
   <div class='ocr_carea' id='block_1_2' title="bbox 532 468 1068 577">
    <p class='ocr_par' dir='ltr' id='par_1_2' title="bbox 532 468 1068 577">
     <span class='ocr_line' id='line_1_2' title="bbox 532 468 1068 577; baseline 0.013 -23"><span class='ocrx_word' id='word_1_3' title='bbox 532 468 534 472; x_wconf 68' lang='lat'>‘</span> <span class='ocrx_word' id='word_1_4' title='bbox 602 495 669 577; x_wconf 65' lang='lat' dir='ltr'><strong>pe.</strong></span> <span class='ocrx_word' id='word_1_5' title='bbox 712 491 875 561; x_wconf 83' lang='lat' dir='ltr'><strong>aornro</strong></span> <span class='ocrx_word' id='word_1_6' title='bbox 899 491 1068 561; x_wconf 79' lang='lat' dir='ltr'><strong>mann</strong></span> 
     </span>
    </p>
   </div>
   <div class='ocr_carea' id='block_1_3' title="bbox 428 685 1248 756">
    <p class='ocr_par' dir='ltr' id='par_1_3' title="bbox 428 685 1248 756">
     <span class='ocr_line' id='line_1_3' title="bbox 428 685 1248 756; baseline -0.002 -11"><span class='ocrx_word' id='word_1_7' title='bbox 428 686 503 747; x_wconf 54' lang='grc' dir='ltr'><strong>38Ᾱ1</strong></span> <span class='ocrx_word' id='word_1_8' title='bbox 544 685 683 748; x_wconf 87' lang='lat' dir='ltr'>OXONII</span> <span class='ocrx_word' id='word_1_9' title='bbox 700 705 714 747; x_wconf 80' lang='lat' dir='ltr'><strong>c</strong></span> <span class='ocrx_word' id='word_1_10' title='bbox 731 689 838 747; x_wconf 75' lang='lat' dir='ltr'><strong>theatro</strong></span> <span class='ocrx_word' id='word_1_11' title='bbox 854 689 1047 748; x_wconf 70' lang='lat' dir='ltr'><strong>Sbeldoaieao.</strong></span> <span class='ocrx_word' id='word_1_12' title='bbox 1078 687 1169 748; x_wconf 80' lang='lat'><strong>1707.</strong></span> <span class='ocrx_word' id='word_1_13' title='bbox 1196 687 1248 756; x_wconf 66' lang='lat' dir='ltr'><strong>fol.</strong></span> 
     </span>
    </p>
   </div>
   <div class='ocr_carea' id='block_1_4' title="bbox 218 836 1456 1702">
    <p class='ocr_par' dir='ltr' id='par_1_4' title="bbox 218 836 1456 1702">
     <span class='ocr_line' id='line_1_4' title="bbox 309 836 1454 926; baseline -0.002 -22"><span class='ocrx_word' id='word_1_14' title='bbox 309 836 401 923; x_wconf 90' lang='lat' dir='ltr'><strong>Opus</strong></span> <span class='ocrx_word' id='word_1_15' title='bbox 423 839 577 905; x_wconf 85' lang='lat' dir='ltr'><strong>immensi</strong></span> <span class='ocrx_word' id='word_1_16' title='bbox 597 839 719 906; x_wconf 88' lang='lat' dir='ltr'><strong>laboris</strong></span> <span class='ocrx_word' id='word_1_17' title='bbox 740 840 917 926; x_wconf 90' lang='lat' dir='ltr'><strong>magnique</strong></span> <span class='ocrx_word' id='word_1_18' title='bbox 945 839 1089 906; x_wconf 91' lang='lat' dir='ltr'><strong>nominis</strong></span> <span class='ocrx_word' id='word_1_19' title='bbox 1110 859 1189 905; x_wconf 90' lang='lat' dir='ltr'><strong>eura</strong></span> <span class='ocrx_word' id='word_1_20' title='bbox 1214 843 1248 902; x_wconf 88' lang='lat' dir='ltr'><strong>et</strong></span> <span class='ocrx_word' id='word_1_21' title='bbox 1269 836 1379 903; x_wconf 87' lang='lat' dir='ltr'><strong>studio</strong></span> <span class='ocrx_word' id='word_1_22' title='bbox 1406 837 1454 903; x_wconf 92' lang='lat' dir='ltr'><strong>Io.</strong></span> 
     </span>
     <span class='ocr_line' id='line_1_5' title="bbox 222 924 1456 1011; baseline 0 -22"><span class='ocrx_word' id='word_1_23' title='bbox 222 924 314 994; x_wconf 89' lang='lat' dir='ltr'><strong>Millii</strong></span> <span class='ocrx_word' id='word_1_24' title='bbox 336 926 461 992; x_wconf 90' lang='lat' dir='ltr'><strong>editum</strong></span> <span class='ocrx_word' id='word_1_25' title='bbox 483 927 538 1009; x_wconf 92' lang='lat' dir='ltr'><strong>qui</strong></span> <span class='ocrx_word' id='word_1_26' title='bbox 560 933 665 991; x_wconf 93' lang='lat' dir='ltr'><strong>totam</strong></span> <span class='ocrx_word' id='word_1_27' title='bbox 686 926 792 994; x_wconf 90' lang='lat' dir='ltr'><strong>vitam</strong></span> <span class='ocrx_word' id='word_1_28' title='bbox 813 927 845 993; x_wconf 90' lang='lat' dir='ltr'><strong>ei</strong></span> <span class='ocrx_word' id='word_1_29' title='bbox 866 926 1011 1011; x_wconf 89' lang='lat' dir='ltr'><strong>parando</strong></span> <span class='ocrx_word' id='word_1_30' title='bbox 1033 925 1193 1010; x_wconf 81' lang='lat' dir='ltr'><strong>impendit</strong></span> <span class='ocrx_word' id='word_1_31' title='bbox 1221 932 1254 990; x_wconf 87' lang='lat' dir='ltr'><strong>et</strong></span> <span class='ocrx_word' id='word_1_32' title='bbox 1273 925 1333 990; x_wconf 82' lang='lat' dir='ltr'><strong>vix</strong></span> <span class='ocrx_word' id='word_1_33' title='bbox 1361 925 1456 991; x_wconf 88' lang='lat' dir='ltr'><strong>abso-</strong></span> 
     </span>
     <span class='ocr_line' id='line_1_6' title="bbox 220 1010 1455 1097; baseline -0.001 -21"><span class='ocrx_word' id='word_1_34' title='bbox 220 1010 289 1078; x_wconf 94' lang='lat' dir='ltr'><strong>luto</strong></span> <span class='ocrx_word' id='word_1_35' title='bbox 312 1034 501 1096; x_wconf 89' lang='lat' dir='ltr'><strong>supremum</strong></span> <span class='ocrx_word' id='word_1_36' title='bbox 528 1034 625 1077; x_wconf 91' lang='lat' dir='ltr'><strong>snum</strong></span> <span class='ocrx_word' id='word_1_37' title='bbox 647 1011 735 1078; x_wconf 93' lang='lat' dir='ltr'><strong>diem</strong></span> <span class='ocrx_word' id='word_1_38' title='bbox 757 1013 843 1078; x_wconf 91' lang='lat' dir='ltr'><strong>obiit.</strong></span> <span class='ocrx_word' id='word_1_39' title='bbox 893 1013 1098 1097; x_wconf 80' lang='lat' dir='ltr'><strong>Apparatum</strong></span> <span class='ocrx_word' id='word_1_40' title='bbox 1120 1011 1272 1078; x_wconf 84' lang='lat' dir='ltr'><strong>criticum</strong></span> <span class='ocrx_word' id='word_1_41' title='bbox 1297 1011 1338 1078; x_wconf 91' lang='lat' dir='ltr'><strong>ab</strong></span> <span class='ocrx_word' id='word_1_42' title='bbox 1361 1017 1455 1076; x_wconf 87' lang='lat' dir='ltr'><strong>ante·</strong></span> 
     </span>
     <span class='ocr_line' id='line_1_7' title="bbox 220 1097 1456 1184; baseline -0.002 -19"><span class='ocrx_word' id='word_1_43' title='bbox 220 1098 402 1165; x_wconf 81' lang='lat' dir='ltr'><strong>caesoribus</strong></span> <span class='ocrx_word' id='word_1_44' title='bbox 424 1098 492 1165; x_wconf 91' lang='lat' dir='ltr'><strong>suis</strong></span> <span class='ocrx_word' id='word_1_45' title='bbox 512 1098 672 1164; x_wconf 91' lang='lat' dir='ltr'><strong>Waltono</strong></span> <span class='ocrx_word' id='word_1_46' title='bbox 694 1098 885 1181; x_wconf 85' lang='lat' dir='ltr'><strong>Ourcellaeo</strong></span> <span class='ocrx_word' id='word_1_47' title='bbox 902 1099 1008 1165; x_wconf 73' lang='lat' dir='ltr'><strong>Pellio</strong></span> <span class='ocrx_word' id='word_1_48' title='bbox 1027 1104 1217 1184; x_wconf 88' lang='lat' dir='ltr'><strong>congestum</strong></span> <span class='ocrx_word' id='word_1_49' title='bbox 1234 1097 1288 1165; x_wconf 91' lang='lat' dir='ltr'><strong>vel</strong></span> <span class='ocrx_word' id='word_1_50' title='bbox 1309 1098 1381 1180; x_wconf 91' lang='lat' dir='ltr'><strong>ipse</strong></span> <span class='ocrx_word' id='word_1_51' title='bbox 1400 1097 1456 1165; x_wconf 91' lang='lat' dir='ltr'><strong>vel</strong></span> 
     </span>
     <span class='ocr_line' id='line_1_8' title="bbox 219 1183 1454 1269; baseline -0.002 -19"><span class='ocrx_word' id='word_1_52' title='bbox 219 1205 280 1269; x_wconf 91' lang='lat' dir='ltr'><strong>per</strong></span> <span class='ocrx_word' id='word_1_53' title='bbox 302 1186 383 1252; x_wconf 89' lang='lat' dir='ltr'><strong>alios</strong></span> <span class='ocrx_word' id='word_1_54' title='bbox 405 1186 528 1251; x_wconf 92' lang='lat' dir='ltr'><strong>mirum</strong></span> <span class='ocrx_word' id='word_1_55' title='bbox 546 1190 707 1268; x_wconf 87' lang='lat' dir='ltr'><strong>quantum</strong></span> <span class='ocrx_word' id='word_1_56' title='bbox 728 1187 830 1266; x_wconf 86' lang='lat' dir='ltr'><strong>auxit,</strong></span> <span class='ocrx_word' id='word_1_57' title='bbox 853 1187 1047 1269; x_wconf 89' lang='lat' dir='ltr'><strong>praesertim</strong></span> <span class='ocrx_word' id='word_1_58' title='bbox 1068 1205 1148 1251; x_wconf 90' lang='lat' dir='ltr'><strong>vero</strong></span> <span class='ocrx_word' id='word_1_59' title='bbox 1169 1184 1273 1268; x_wconf 90' lang='lat' dir='ltr'><strong>ipsius</strong></span> <span class='ocrx_word' id='word_1_60' title='bbox 1291 1184 1372 1249; x_wconf 89' lang='lat' dir='ltr'><strong>artis</strong></span> <span class='ocrx_word' id='word_1_61' title='bbox 1389 1183 1454 1250; x_wconf 88' lang='lat' dir='ltr'><strong>cri-</strong></span> 
     </span>
     <span class='ocr_line' id='line_1_9' title="bbox 220 1268 1454 1356; baseline 0 -21"><span class='ocrx_word' id='word_1_62' title='bbox 220 1273 303 1338; x_wconf 88' lang='lat' dir='ltr'><strong>ticae</strong></span> <span class='ocrx_word' id='word_1_63' title='bbox 325 1273 491 1356; x_wconf 84' lang='lat' dir='ltr'><strong>pomoeria</strong></span> <span class='ocrx_word' id='word_1_64' title='bbox 513 1271 662 1337; x_wconf 79' lang='lat' dir='ltr'><strong>extendit</strong></span> <span class='ocrx_word' id='word_1_65' title='bbox 690 1272 844 1338; x_wconf 88' lang='lat' dir='ltr'><strong>subsidiis</strong></span> <span class='ocrx_word' id='word_1_66' title='bbox 867 1272 1050 1338; x_wconf 88' lang='lat' dir='ltr'><strong>accuratius</strong></span> <span class='ocrx_word' id='word_1_67' title='bbox 1074 1270 1243 1353; x_wconf 86' lang='lat' dir='ltr'><strong>descriptis</strong></span> <span class='ocrx_word' id='word_1_68' title='bbox 1271 1277 1304 1336; x_wconf 92' lang='lat' dir='ltr'><strong>et</strong></span> <span class='ocrx_word' id='word_1_69' title='bbox 1333 1268 1454 1335; x_wconf 92' lang='lat' dir='ltr'><strong>diiudi-</strong></span> 
     </span>
     <span class='ocr_line' id='line_1_10' title="bbox 219 1354 1451 1443; baseline -0.002 -18"><span class='ocrx_word' id='word_1_70' title='bbox 219 1358 311 1437; x_wconf 90' lang='lat' dir='ltr'><strong>catis,</strong></span> <span class='ocrx_word' id='word_1_71' title='bbox 335 1366 369 1424; x_wconf 87' lang='lat' dir='ltr'><strong>et</strong></span> <span class='ocrx_word' id='word_1_72' title='bbox 389 1359 529 1424; x_wconf 87' lang='lat' dir='ltr'><strong>historia</strong></span> <span class='ocrx_word' id='word_1_73' title='bbox 551 1365 662 1424; x_wconf 87' lang='lat' dir='ltr'><strong>textus</strong></span> <span class='ocrx_word' id='word_1_74' title='bbox 684 1366 752 1423; x_wconf 91' lang='lat' dir='ltr'><strong>tam</strong></span> <span class='ocrx_word' id='word_1_75' title='bbox 774 1379 875 1425; x_wconf 89' lang='lat' dir='ltr'><strong>manu</strong></span> <span class='ocrx_word' id='word_1_76' title='bbox 898 1359 1013 1443; x_wconf 87' lang='lat' dir='ltr'><strong>scripti</strong></span> <span class='ocrx_word' id='word_1_77' title='bbox 1033 1379 1134 1442; x_wconf 92' lang='lat' dir='ltr'><strong>quam</strong></span> <span class='ocrx_word' id='word_1_78' title='bbox 1155 1357 1305 1440; x_wconf 83' lang='lat' dir='ltr'><strong>impressi</strong></span> <span class='ocrx_word' id='word_1_79' title='bbox 1332 1354 1451 1422; x_wconf 85' lang='lat' dir='ltr'><strong>indeo</strong></span> 
     </span>
     <span class='ocr_line' id='line_1_11' title="bbox 219 1443 1453 1528; baseline -0.001 -18"><span class='ocrx_word' id='word_1_80' title='bbox 219 1445 268 1510; x_wconf 90' lang='lat' dir='ltr'><strong>rei</strong></span> <span class='ocrx_word' id='word_1_81' title='bbox 289 1445 489 1510; x_wconf 87' lang='lat' dir='ltr'><strong>christianae</strong></span> <span class='ocrx_word' id='word_1_82' title='bbox 511 1445 700 1527; x_wconf 87' lang='lat' dir='ltr'><strong>primordiis</strong></span> <span class='ocrx_word' id='word_1_83' title='bbox 722 1444 851 1511; x_wconf 91' lang='lat' dir='ltr'><strong>erudite</strong></span> <span class='ocrx_word' id='word_1_84' title='bbox 879 1444 1051 1511; x_wconf 89' lang='lat' dir='ltr'><strong>delineata.</strong></span> <span class='ocrx_word' id='word_1_85' title='bbox 1096 1444 1334 1528; x_wconf 87' lang='lat' dir='ltr'><strong>Prolegomena</strong></span> <span class='ocrx_word' id='word_1_86' title='bbox 1364 1443 1453 1509; x_wconf 92' lang='lat' dir='ltr'><strong>enim</strong></span> 
     </span>
     <span class='ocr_line' id='line_1_12' title="bbox 218 1529 1453 1620; baseline -0.002 -22"><span class='ocrx_word' id='word_1_87' title='bbox 218 1531 389 1598; x_wconf 80' lang='lat' dir='ltr'><strong>continent</strong></span> <span class='ocrx_word' id='word_1_88' title='bbox 421 1530 591 1597; x_wconf 84' lang='lat' dir='ltr'><strong>literarum</strong></span> <span class='ocrx_word' id='word_1_89' title='bbox 630 1531 883 1615; x_wconf 90' lang='lat' dir='ltr'><strong>apostolicarum</strong></span> <span class='ocrx_word' id='word_1_90' title='bbox 921 1532 1157 1615; x_wconf 79' lang='lat' dir='ltr'><strong>expositionem</strong></span> <span class='ocrx_word' id='word_1_91' title='bbox 1189 1529 1344 1620; x_wconf 66' lang='lat' dir='ltr'><strong>chronolo</strong></span> <span class='ocrx_word' id='word_1_92' title='bbox 1371 1529 1453 1596; x_wconf 81' lang='lat' dir='ltr'><strong>&#39;cam</strong></span> 
     </span>
     <span class='ocr_line' id='line_1_13' title="bbox 219 1615 1452 1702; baseline 0 -20"><span class='ocrx_word' id='word_1_93' title='bbox 219 1617 351 1702; x_wconf 91' lang='lat' dir='ltr'><strong>qualem</strong></span> <span class='ocrx_word' id='word_1_94' title='bbox 371 1637 469 1682; x_wconf 92' lang='lat' dir='ltr'><strong>nemo</strong></span> <span class='ocrx_word' id='word_1_95' title='bbox 492 1615 599 1684; x_wconf 90' lang='lat' dir='ltr'><strong>adhuc</strong></span> <span class='ocrx_word' id='word_1_96' title='bbox 620 1624 816 1699; x_wconf 84' lang='lat' dir='ltr'><strong>tentaverat,</strong></span> <span class='ocrx_word' id='word_1_97' title='bbox 846 1626 917 1684; x_wconf 94' lang='lat' dir='ltr'><strong>tum</strong></span> <span class='ocrx_word' id='word_1_98' title='bbox 938 1617 1125 1686; x_wconf 86' lang='lat' dir='ltr'><strong>versionum</strong></span> <span class='ocrx_word' id='word_1_99' title='bbox 1144 1625 1276 1700; x_wconf 88' lang='lat' dir='ltr'><strong>patrum</strong></span> <span class='ocrx_word' id='word_1_100' title='bbox 1305 1636 1343 1682; x_wconf 93' lang='lat' dir='ltr'><strong>oo</strong></span> <span class='ocrx_word' id='word_1_101' title='bbox 1368 1617 1452 1682; x_wconf 83' lang='lat' dir='ltr'><strong>‘oum</strong></span> 
     </span>
    </p>
   </div>
   <div class='ocr_carea' id='block_1_5' title="bbox 109 1703 1453 1790">
    <p class='ocr_par' dir='ltr' id='par_1_5' title="bbox 109 1703 1453 1790">
     <span class='ocr_line' id='line_1_14' title="bbox 109 1703 1453 1790; baseline 0 -21"><span class='ocrx_word' id='word_1_102' title='bbox 109 1706 112 1717; x_wconf 91' lang='lat'>&#39;</span> <span class='ocrx_word' id='word_1_103' title='bbox 217 1703 376 1770; x_wconf 86' lang='lat' dir='ltr'><strong>exhibent</strong></span> <span class='ocrx_word' id='word_1_104' title='bbox 395 1703 619 1770; x_wconf 76' lang='lat' dir='ltr'><strong>recensionem</strong></span> <span class='ocrx_word' id='word_1_105' title='bbox 642 1705 901 1790; x_wconf 89' lang='lat' dir='ltr'><strong>uniuscuiusque</strong></span> <span class='ocrx_word' id='word_1_106' title='bbox 929 1705 1092 1770; x_wconf 90' lang='lat' dir='ltr'><strong>rationem</strong></span> <span class='ocrx_word' id='word_1_107' title='bbox 1120 1712 1154 1770; x_wconf 87' lang='lat' dir='ltr'><strong>et</strong></span> <span class='ocrx_word' id='word_1_108' title='bbox 1181 1703 1336 1770; x_wconf 89' lang='lat' dir='ltr'><strong>usumin</strong></span> <span class='ocrx_word' id='word_1_109' title='bbox 1358 1709 1453 1769; x_wconf 86' lang='lat' dir='ltr'><strong>textu</strong></span> 
     </span>
    </p>
   </div>
   <div class='ocr_carea' id='block_1_6' title="bbox 118 1788 1454 4729">
    <p class='ocr_par' dir='ltr' id='par_1_6' title="bbox 214 1788 1454 4032">
     <span class='ocr_line' id='line_1_15' title="bbox 219 1788 1453 1876; baseline -0.001 -20"><span class='ocrx_word' id='word_1_110' title='bbox 219 1790 421 1856; x_wconf 91' lang='lat' dir='ltr'><strong>emendando</strong></span> <span class='ocrx_word' id='word_1_111' title='bbox 443 1790 555 1856; x_wconf 91' lang='lat' dir='ltr'><strong>sedulo</strong></span> <span class='ocrx_word' id='word_1_112' title='bbox 576 1791 842 1876; x_wconf 82' lang='lat' dir='ltr'><strong>investigantem,</strong></span> <span class='ocrx_word' id='word_1_113' title='bbox 871 1813 968 1876; x_wconf 91' lang='lat' dir='ltr'><strong>porro</strong></span> <span class='ocrx_word' id='word_1_114' title='bbox 996 1791 1156 1857; x_wconf 89' lang='lat' dir='ltr'><strong>iudicium</strong></span> <span class='ocrx_word' id='word_1_115' title='bbox 1177 1791 1289 1856; x_wconf 83' lang='lat' dir='ltr'><strong>lerunt</strong></span> <span class='ocrx_word' id='word_1_116' title='bbox 1317 1788 1358 1855; x_wconf 92' lang='lat' dir='ltr'><strong>de</strong></span> <span class='ocrx_word' id='word_1_117' title='bbox 1385 1790 1453 1856; x_wconf 91' lang='lat' dir='ltr'><strong>sin·</strong></span> 
     </span>
     <span class='ocr_line' id='line_1_16' title="bbox 217 1874 1453 1964; baseline -0.002 -20"><span class='ocrx_word' id='word_1_118' title='bbox 217 1877 303 1961; x_wconf 78' lang='lat' dir='ltr'><strong>gulis</strong></span> <span class='ocrx_word' id='word_1_119' title='bbox 321 1876 517 1943; x_wconf 89' lang='lat' dir='ltr'><strong>editionibus</strong></span> <span class='ocrx_word' id='word_1_120' title='bbox 540 1877 739 1944; x_wconf 81' lang='lat' dir='ltr'><strong>familiarum</strong></span> <span class='ocrx_word' id='word_1_121' title='bbox 756 1877 893 1945; x_wconf 86' lang='lat' dir='ltr'><strong>ducibus</strong></span> <span class='ocrx_word' id='word_1_122' title='bbox 910 1899 993 1964; x_wconf 88' lang='lat' dir='ltr'><strong>quae</strong></span> <span class='ocrx_word' id='word_1_123' title='bbox 1009 1885 1123 1943; x_wconf 86' lang='lat' dir='ltr'><strong>textus</strong></span> <span class='ocrx_word' id='word_1_124' title='bbox 1149 1878 1288 1943; x_wconf 88' lang='lat' dir='ltr'><strong>formam</strong></span> <span class='ocrx_word' id='word_1_125' title='bbox 1312 1874 1453 1942; x_wconf 91' lang='lat' dir='ltr'><strong>subinde</strong></span> 
     </span>
     <span class='ocr_line' id='line_1_17' title="bbox 217 1961 1454 2057; baseline -0.001 -28"><span class='ocrx_word' id='word_1_126' title='bbox 217 1970 439 2043; x_wconf 87' lang='lat' dir='ltr'><strong>mutaverant,</strong></span> <span class='ocrx_word' id='word_1_127' title='bbox 461 1961 600 2048; x_wconf 90' lang='lat' dir='ltr'><strong>denique</strong></span> <span class='ocrx_word' id='word_1_128' title='bbox 618 1964 743 2030; x_wconf 85' lang='lat' dir='ltr'><strong>autoris</strong></span> <span class='ocrx_word' id='word_1_129' title='bbox 766 1964 875 2031; x_wconf 89' lang='lat' dir='ltr'><strong>studia</strong></span> <span class='ocrx_word' id='word_1_130' title='bbox 897 1975 931 2031; x_wconf 92' lang='lat' dir='ltr'><strong>et</strong></span> <span class='ocrx_word' id='word_1_131' title='bbox 952 1964 1126 2033; x_wconf 87' lang='lat' dir='ltr'><strong>consilium</strong></span> <span class='ocrx_word' id='word_1_132' title='bbox 1141 1963 1257 2030; x_wconf 92' lang='lat' dir='ltr'><strong>lectori</strong></span> <span class='ocrx_word' id='word_1_133' title='bbox 1277 1961 1454 2057; x_wconf 84' lang='lat' dir='ltr'><strong>diligenter</strong></span> 
     </span>
     <span class='ocr_line' id='line_1_18' title="bbox 217 2056 1454 2222; baseline -0.002 -20"><span class='ocrx_word' id='word_1_134' title='bbox 217 2056 626 2203; x_wconf 45' lang='lat' dir='ltr'><strong>repmllbliblimrliaioribus</strong></span> <span class='ocrx_word' id='word_1_135' title='bbox 648 2136 736 2222; x_wconf 82' lang='lat' dir='ltr'><strong>typis</strong></span> <span class='ocrx_word' id='word_1_136' title='bbox 759 2143 894 2203; x_wconf 82' lang='lat' dir='ltr'><strong>exarato</strong></span> <span class='ocrx_word' id='word_1_137' title='bbox 916 2137 1135 2203; x_wconf 88' lang='lat' dir='ltr'><strong>subiiciuntur</strong></span> <span class='ocrx_word' id='word_1_138' title='bbox 1152 2137 1224 2202; x_wconf 91' lang='lat' dir='ltr'><strong>loca</strong></span> <span class='ocrx_word' id='word_1_139' title='bbox 1244 2134 1403 2219; x_wconf 85' lang='lat' dir='ltr'><strong>parallelo</strong></span> <span class='ocrx_word' id='word_1_140' title='bbox 1420 2141 1454 2202; x_wconf 88' lang='lat' dir='ltr'><strong>et</strong></span> 
     </span>
     <span class='ocr_line' id='line_1_19' title="bbox 217 2221 1453 2308; baseline -0.003 -17"><span class='ocrx_word' id='word_1_141' title='bbox 217 2222 419 2291; x_wconf 85' lang='lat' dir='ltr'><strong>variantium</strong></span> <span class='ocrx_word' id='word_1_142' title='bbox 449 2222 625 2289; x_wconf 87' lang='lat' dir='ltr'><strong>lectionum</strong></span> <span class='ocrx_word' id='word_1_143' title='bbox 658 2229 751 2290; x_wconf 84' lang='lat' dir='ltr'><strong>tanta</strong></span> <span class='ocrx_word' id='word_1_144' title='bbox 781 2224 875 2308; x_wconf 90' lang='lat' dir='ltr'><strong>copia</strong></span> <span class='ocrx_word' id='word_1_145' title='bbox 906 2231 943 2289; x_wconf 94' lang='lat' dir='ltr'><strong>ut</strong></span> <span class='ocrx_word' id='word_1_146' title='bbox 974 2224 1199 2308; x_wconf 79' lang='lat' dir='ltr'><strong>theologorum</strong></span> <span class='ocrx_word' id='word_1_147' title='bbox 1233 2222 1303 2288; x_wconf 90' lang='lat' dir='ltr'><strong>eius</strong></span> <span class='ocrx_word' id='word_1_148' title='bbox 1333 2221 1453 2288; x_wconf 87' lang='lat' dir='ltr'><strong>aetatis</strong></span> 
     </span>
     <span class='ocr_line' id='line_1_20' title="bbox 218 2308 1453 2394; baseline -0.003 -17"><span class='ocrx_word' id='word_1_149' title='bbox 218 2310 340 2394; x_wconf 90' lang='lat' dir='ltr'><strong>vulgus</strong></span> <span class='ocrx_word' id='word_1_150' title='bbox 361 2309 505 2375; x_wconf 86' lang='lat' dir='ltr'><strong>maximo</strong></span> <span class='ocrx_word' id='word_1_151' title='bbox 526 2308 759 2392; x_wconf 79' lang='lat' dir='ltr'><strong>percelleretur</strong></span> <span class='ocrx_word' id='word_1_152' title='bbox 787 2311 912 2388; x_wconf 90' lang='lat' dir='ltr'><strong>timore,</strong></span> <span class='ocrx_word' id='word_1_153' title='bbox 941 2308 1083 2394; x_wconf 92' lang='lat' dir='ltr'><strong>nequid</strong></span> <span class='ocrx_word' id='word_1_154' title='bbox 1109 2308 1293 2393; x_wconf 85' lang='lat' dir='ltr'><strong>respublica</strong></span> <span class='ocrx_word' id='word_1_155' title='bbox 1318 2308 1453 2374; x_wconf 90' lang='lat' dir='ltr'><strong>christi-</strong></span> 
     </span>
     <span class='ocr_line' id='line_1_21' title="bbox 218 2394 1452 2480; baseline 0 -20"><span class='ocrx_word' id='word_1_156' title='bbox 218 2416 282 2462; x_wconf 91' lang='lat' dir='ltr'><strong>ana</strong></span> <span class='ocrx_word' id='word_1_157' title='bbox 305 2394 510 2462; x_wconf 88' lang='lat' dir='ltr'><strong>destrimenti</strong></span> <span class='ocrx_word' id='word_1_158' title='bbox 537 2403 669 2478; x_wconf 85' lang='lat' dir='ltr'><strong>caperet</strong></span> <span class='ocrx_word' id='word_1_159' title='bbox 698 2397 794 2461; x_wconf 89' lang='lat' dir='ltr'><strong>anxie</strong></span> <span class='ocrx_word' id='word_1_160' title='bbox 821 2396 1100 2480; x_wconf 89' lang='lat' dir='ltr'><strong>prospicientium.</strong></span> <span class='ocrx_word' id='word_1_161' title='bbox 1150 2394 1329 2462; x_wconf 87' lang='lat' dir='ltr'><strong>Adduntur</strong></span> <span class='ocrx_word' id='word_1_162' title='bbox 1357 2415 1452 2478; x_wconf 88' lang='lat' dir='ltr'><strong>prae·</strong></span> 
     </span>
     <span class='ocr_line' id='line_1_22' title="bbox 218 2481 1450 2568; baseline -0.001 -22"><span class='ocrx_word' id='word_1_163' title='bbox 218 2492 308 2548; x_wconf 89' lang='lat' dir='ltr'><strong>terea</strong></span> <span class='ocrx_word' id='word_1_164' title='bbox 329 2482 422 2549; x_wconf 88' lang='lat' dir='ltr'><strong>varia</strong></span> <span class='ocrx_word' id='word_1_165' title='bbox 442 2487 597 2565; x_wconf 89' lang='lat' dir='ltr'><strong>excerpta</strong></span> <span class='ocrx_word' id='word_1_166' title='bbox 618 2503 662 2546; x_wconf 81' lang='lat' dir='ltr'><strong>ex</strong></span> <span class='ocrx_word' id='word_1_167' title='bbox 682 2482 837 2549; x_wconf 90' lang='lat' dir='ltr'><strong>Patribus</strong></span> <span class='ocrx_word' id='word_1_168' title='bbox 859 2481 901 2548; x_wconf 92' lang='lat' dir='ltr'><strong>ad</strong></span> <span class='ocrx_word' id='word_1_169' title='bbox 922 2502 994 2549; x_wconf 88' lang='lat' dir='ltr'><strong>rem</strong></span> <span class='ocrx_word' id='word_1_170' title='bbox 1014 2482 1214 2568; x_wconf 86' lang='lat' dir='ltr'><strong>isagogieam</strong></span> <span class='ocrx_word' id='word_1_171' title='bbox 1242 2481 1450 2566; x_wconf 87' lang='lat' dir='ltr'><strong>pertinentia,</strong></span> 
     </span>
     <span class='ocr_line' id='line_1_23' title="bbox 216 2567 1452 2667; baseline 0.001 -34"><span class='ocrx_word' id='word_1_172' title='bbox 216 2569 297 2633; x_wconf 89' lang='lat' dir='ltr'><strong>item</strong></span> <span class='ocrx_word' id='word_1_173' title='bbox 329 2587 472 2667; x_wconf 79' lang='lat' dir='ltr'><strong>canones</strong></span> <span class='ocrx_word' id='word_1_174' title='bbox 510 2577 545 2633; x_wconf 90' lang='lat' dir='ltr'><strong>et</strong></span> <span class='ocrx_word' id='word_1_175' title='bbox 576 2567 709 2633; x_wconf 91' lang='lat' dir='ltr'><strong>numeri</strong></span> <span class='ocrx_word' id='word_1_176' title='bbox 741 2568 921 2636; x_wconf 83' lang='lat' dir='ltr'><strong>Eusebiani</strong></span> <span class='ocrx_word' id='word_1_177' title='bbox 951 2577 984 2634; x_wconf 90' lang='lat' dir='ltr'><strong>et</strong></span> <span class='ocrx_word' id='word_1_178' title='bbox 1016 2568 1057 2635; x_wconf 90' lang='lat' dir='ltr'><strong>ad</strong></span> <span class='ocrx_word' id='word_1_179' title='bbox 1095 2569 1217 2634; x_wconf 83' lang='lat' dir='ltr'><strong>calcem</strong></span> <span class='ocrx_word' id='word_1_180' title='bbox 1252 2567 1452 2638; x_wconf 90' lang='lat' dir='ltr'><strong>variantium</strong></span> 
     </span>
     <span class='ocr_line' id='line_1_24' title="bbox 217 2652 1451 2826; baseline 0 -19"><span class='ocrx_word' id='word_1_181' title='bbox 217 2652 473 2807; x_wconf 57' lang='lat' dir='ltr'><strong>appebdoldrrimo</strong></span> <span class='ocrx_word' id='word_1_182' title='bbox 505 2740 653 2807; x_wconf 89' lang='lat' dir='ltr'><strong>criticam</strong></span> <span class='ocrx_word' id='word_1_183' title='bbox 685 2740 871 2806; x_wconf 87' lang='lat' dir='ltr'><strong>Millianam</strong></span> <span class='ocrx_word' id='word_1_184' title='bbox 911 2740 1120 2826; x_wconf 88' lang='lat' dir='ltr'><strong>impugnavit</strong></span> <span class='ocrx_word' id='word_1_185' title='bbox 1151 2739 1276 2807; x_wconf 91' lang='lat' dir='ltr'><strong>Daniel</strong></span> <span class='ocrx_word' id='word_1_186' title='bbox 1307 2740 1451 2826; x_wconf 81' lang='lat' dir='ltr'><strong>Whitby</strong></span> 
     </span>
     <span class='ocr_line' id='line_1_25' title="bbox 218 2825 1451 2912; baseline 0.001 -21"><span class='ocrx_word' id='word_1_187' title='bbox 218 2848 315 2912; x_wconf 91' lang='lat' dir='ltr'><strong>opere</strong></span> <span class='ocrx_word' id='word_1_188' title='bbox 337 2827 501 2912; x_wconf 88' lang='lat' dir='ltr'><strong>singulari</strong></span> <span class='ocrx_word' id='word_1_189' title='bbox 528 2847 555 2891; x_wconf 88' lang='lat' dir='ltr'><strong>a.</strong></span> <span class='ocrx_word' id='word_1_190' title='bbox 592 2831 673 2888; x_wconf 91' lang='grc'><strong>1710</strong></span> <span class='ocrx_word' id='word_1_191' title='bbox 692 2825 780 2892; x_wconf 88' lang='lat' dir='ltr'><strong>edito</strong></span> <span class='ocrx_word' id='word_1_192' title='bbox 809 2836 841 2894; x_wconf 92' lang='lat' dir='ltr'><strong>et</strong></span> <span class='ocrx_word' id='word_1_193' title='bbox 869 2829 1001 2910; x_wconf 89' lang='lat' dir='ltr'><strong>saepius</strong></span> <span class='ocrx_word' id='word_1_194' title='bbox 1027 2848 1141 2894; x_wconf 87' lang='lat' dir='ltr'><strong>recuso</strong></span> <span class='ocrx_word' id='word_1_195' title='bbox 1147 2851 1156 2909; x_wconf 92' lang='lat'>;</span> <span class='ocrx_word' id='word_1_196' title='bbox 1188 2834 1301 2911; x_wconf 88' lang='lat' dir='ltr'><strong>postea</strong></span> <span class='ocrx_word' id='word_1_197' title='bbox 1333 2827 1451 2892; x_wconf 90' lang='lat' dir='ltr'><strong>maiori</strong></span> 
     </span>
     <span class='ocr_line' id='line_1_26' title="bbox 216 2913 1450 2998; baseline 0.001 -20"><span class='ocrx_word' id='word_1_198' title='bbox 216 2914 288 2980; x_wconf 90' lang='lat' dir='ltr'><strong>iure</strong></span> <span class='ocrx_word' id='word_1_199' title='bbox 310 2913 347 2980; x_wconf 85' lang='grc' dir='ltr'><strong>Ο.</strong></span> <span class='ocrx_word' id='word_1_200' title='bbox 371 2916 411 2980; x_wconf 86' lang='grc' dir='ltr'><strong>Δ.</strong></span> <span class='ocrx_word' id='word_1_201' title='bbox 432 2913 557 2979; x_wconf 91' lang='lat' dir='ltr'><strong>Bodius</strong></span> <span class='ocrx_word' id='word_1_202' title='bbox 580 2913 856 2980; x_wconf 87' lang='lat' dir='ltr'><strong>Helmstadiensis</strong></span> <span class='ocrx_word' id='word_1_203' title='bbox 878 2915 913 2979; x_wconf 93' lang='lat' dir='ltr'><strong>in</strong></span> <span class='ocrx_word' id='word_1_204' title='bbox 934 2914 1019 2980; x_wconf 92' lang='lat' dir='ltr'><strong>libro</strong></span> <span class='ocrx_word' id='word_1_205' title='bbox 1041 2936 1139 2998; x_wconf 90' lang='lat' dir='ltr'><strong>quem</strong></span> <span class='ocrx_word' id='word_1_206' title='bbox 1160 2914 1327 2996; x_wconf 89' lang='lat' dir='ltr'><strong>inscripsit</strong></span> <span class='ocrx_word' id='word_1_207' title='bbox 1345 2913 1450 2980; x_wconf 88' lang='lat' dir='ltr'><strong>Pseu-</strong></span> 
     </span>
     <span class='ocr_line' id='line_1_27' title="bbox 217 2999 1450 3085; baseline -0.001 -20"><span class='ocrx_word' id='word_1_208' title='bbox 217 2999 422 3067; x_wconf 90' lang='lat' dir='ltr'><strong>do·oriticam</strong></span> <span class='ocrx_word' id='word_1_209' title='bbox 443 2999 802 3085; x_wconf 79' lang='lat' dir='ltr'><strong>MillioBengelianam</strong></span> <span class='ocrx_word' id='word_1_210' title='bbox 825 3000 915 3080; x_wconf 81' lang='lat' dir='ltr'><strong>(Hal.</strong></span> <span class='ocrx_word' id='word_1_211' title='bbox 942 3005 1020 3063; x_wconf 91' lang='grc'><strong>1767</strong></span> <span class='ocrx_word' id='word_1_212' title='bbox 1042 3004 1059 3060; x_wconf 77' lang='lat'><strong>2</strong></span> <span class='ocrx_word' id='word_1_213' title='bbox 1083 3001 1118 3082; x_wconf 91' lang='lat' dir='ltr'><strong>t.)</strong></span> <span class='ocrx_word' id='word_1_214' title='bbox 1141 3021 1204 3083; x_wconf 90' lang='lat' dir='ltr'><strong>quo</strong></span> <span class='ocrx_word' id='word_1_215' title='bbox 1222 2999 1368 3065; x_wconf 89' lang='lat' dir='ltr'><strong>Millium</strong></span> <span class='ocrx_word' id='word_1_216' title='bbox 1384 2999 1450 3064; x_wconf 92' lang='lat' dir='ltr'><strong>lin-</strong></span> 
     </span>
     <span class='ocr_line' id='line_1_28' title="bbox 216 3085 1451 3171; baseline -0.001 -19"><span class='ocrx_word' id='word_1_217' title='bbox 216 3106 358 3171; x_wconf 87' lang='lat' dir='ltr'><strong>guarum</strong></span> <span class='ocrx_word' id='word_1_218' title='bbox 376 3086 586 3152; x_wconf 89' lang='lat' dir='ltr'><strong>orientalium</strong></span> <span class='ocrx_word' id='word_1_219' title='bbox 603 3087 713 3151; x_wconf 92' lang='lat' dir='ltr'><strong>minus</strong></span> <span class='ocrx_word' id='word_1_220' title='bbox 731 3107 872 3170; x_wconf 90' lang='lat' dir='ltr'><strong>gnarum</strong></span> <span class='ocrx_word' id='word_1_221' title='bbox 891 3086 1047 3153; x_wconf 90' lang='lat' dir='ltr'><strong>lectiones</strong></span> <span class='ocrx_word' id='word_1_222' title='bbox 1068 3108 1086 3151; x_wconf 93' lang='lat' dir='ltr'><strong>e</strong></span> <span class='ocrx_word' id='word_1_223' title='bbox 1107 3085 1313 3153; x_wconf 89' lang='lat' dir='ltr'><strong>versionibus</strong></span> <span class='ocrx_word' id='word_1_224' title='bbox 1336 3093 1451 3169; x_wconf 85' lang='lat' dir='ltr'><strong>peten-</strong></span> 
     </span>
     <span class='ocr_line' id='line_1_29' title="bbox 217 3170 1451 3259; baseline -0.001 -21"><span class='ocrx_word' id='word_1_225' title='bbox 217 3173 275 3240; x_wconf 84' lang='lat' dir='ltr'><strong>das</strong></span> <span class='ocrx_word' id='word_1_226' title='bbox 297 3174 426 3259; x_wconf 88' lang='lat' dir='ltr'><strong>saepius</strong></span> <span class='ocrx_word' id='word_1_227' title='bbox 448 3193 620 3256; x_wconf 88' lang='lat' dir='ltr'><strong>perperam</strong></span> <span class='ocrx_word' id='word_1_228' title='bbox 646 3178 778 3238; x_wconf 88' lang='lat' dir='ltr'><strong>notasse</strong></span> <span class='ocrx_word' id='word_1_229' title='bbox 800 3173 1046 3240; x_wconf 89' lang='lat' dir='ltr'><strong>demonstravit.</strong></span> <span class='ocrx_word' id='word_1_230' title='bbox 1090 3173 1203 3238; x_wconf 84' lang='lat' dir='ltr'><strong>Etiam</strong></span> <span class='ocrx_word' id='word_1_231' title='bbox 1225 3172 1272 3237; x_wconf 95' lang='lat' dir='ltr'><strong>Io.</strong></span> <span class='ocrx_word' id='word_1_232' title='bbox 1302 3170 1451 3238; x_wconf 85' lang='lat' dir='ltr'><strong>Olericns</strong></span> 
     </span>
     <span class='ocr_line' id='line_1_30' title="bbox 215 3257 1451 3412; baseline 0.002 -3"><span class='ocrx_word' id='word_1_233' title='bbox 215 3260 474 3409; x_wconf 52' lang='lat' dir='ltr'><strong>ilipllltll</strong></span> <span class='ocrx_word' id='word_1_234' title='bbox 488 3259 567 3411; x_wconf 51' lang='grc' dir='ltr'><strong>ἔξω·</strong></span> <span class='ocrx_word' id='word_1_235' title='bbox 588 3257 815 3412; x_wconf 60' lang='grc' dir='ltr'><strong>(11ῗέξέΓὲ</strong></span> <span class='ocrx_word' id='word_1_236' title='bbox 829 3258 1177 3411; x_wconf 55' lang='lat' dir='ltr'><strong>llatlffig‘lulll</strong></span> <span class='ocrx_word' id='word_1_237' title='bbox 1199 3259 1373 3411; x_wconf 51' lang='lat' dir='ltr'><strong>goffia</strong></span> <span class='ocrx_word' id='word_1_238' title='bbox 1388 3278 1451 3412; x_wconf 69' lang='lat' dir='ltr'><strong>{ll</strong></span> 
     </span>
     <span class='ocr_line' id='line_1_31' title="bbox 214 3367 1450 3517; baseline -0.001 -20"><span class='ocrx_word' id='word_1_239' title='bbox 214 3367 264 3497; x_wconf 57' lang='lat' dir='ltr'><strong>llil</strong></span> <span class='ocrx_word' id='word_1_240' title='bbox 273 3367 339 3497; x_wconf 66' lang='lat' dir='ltr'><strong>tldlb</strong></span> <span class='ocrx_word' id='word_1_241' title='bbox 349 3367 468 3497; x_wconf 69' lang='lat' dir='ltr'><strong>pai-duo</strong></span> <span class='ocrx_word' id='word_1_242' title='bbox 496 3368 593 3515; x_wconf 51' lang='lat' dir='ltr'><strong>odibile</strong></span> <span class='ocrx_word' id='word_1_243' title='bbox 622 3430 839 3498; x_wconf 89' lang='lat' dir='ltr'><strong>desideranda</strong></span> <span class='ocrx_word' id='word_1_244' title='bbox 866 3368 1183 3517; x_wconf 36' lang='lat' dir='ltr'><strong>§Eperegrghpmodb</strong></span> <span class='ocrx_word' id='word_1_245' title='bbox 1211 3395 1326 3498; x_wconf 87' lang='lat' dir='ltr'><strong>mitius</strong></span> <span class='ocrx_word' id='word_1_246' title='bbox 1340 3367 1450 3498; x_wconf 40' lang='lat' dir='ltr'><strong>’rllodo</strong></span> 
     </span>
     <span class='ocr_line' id='line_1_32' title="bbox 218 3516 1450 3602; baseline 0 -19"><span class='ocrx_word' id='word_1_247' title='bbox 218 3520 369 3584; x_wconf 88' lang='lat' dir='ltr'><strong>severius</strong></span> <span class='ocrx_word' id='word_1_248' title='bbox 391 3517 607 3585; x_wconf 88' lang='lat' dir='ltr'><strong>declaravere.</strong></span> <span class='ocrx_word' id='word_1_249' title='bbox 652 3516 746 3599; x_wconf 78' lang='lat' dir='ltr'><strong>Quae</strong></span> <span class='ocrx_word' id='word_1_250' title='bbox 773 3540 875 3601; x_wconf 91' lang='lat' dir='ltr'><strong>quum</strong></span> <span class='ocrx_word' id='word_1_251' title='bbox 895 3519 1006 3586; x_wconf 90' lang='lat' dir='ltr'><strong>minus</strong></span> <span class='ocrx_word' id='word_1_252' title='bbox 1028 3518 1070 3583; x_wconf 89' lang='lat' dir='ltr'><strong>ad</strong></span> <span class='ocrx_word' id='word_1_253' title='bbox 1090 3527 1201 3584; x_wconf 88' lang='lat' dir='ltr'><strong>nostra</strong></span> <span class='ocrx_word' id='word_1_254' title='bbox 1222 3518 1318 3583; x_wconf 91' lang='lat' dir='ltr'><strong>hodie</strong></span> <span class='ocrx_word' id='word_1_255' title='bbox 1349 3519 1450 3602; x_wconf 88' lang='lat' dir='ltr'><strong>perti·</strong></span> 
     </span>
     <span class='ocr_line' id='line_1_33' title="bbox 215 3603 1447 3690; baseline 0.001 -21"><span class='ocrx_word' id='word_1_256' title='bbox 215 3612 316 3670; x_wconf 87' lang='lat' dir='ltr'><strong>noant</strong></span> <span class='ocrx_word' id='word_1_257' title='bbox 337 3604 424 3687; x_wconf 89' lang='lat' dir='ltr'><strong>apud</strong></span> <span class='ocrx_word' id='word_1_258' title='bbox 452 3605 540 3687; x_wconf 90' lang='lat' dir='ltr'><strong>ipsos</strong></span> <span class='ocrx_word' id='word_1_259' title='bbox 559 3603 670 3671; x_wconf 89' lang='lat' dir='ltr'><strong>videat</strong></span> <span class='ocrx_word' id='word_1_260' title='bbox 698 3604 799 3670; x_wconf 88' lang='lat' dir='ltr'><strong>lector</strong></span> <span class='ocrx_word' id='word_1_261' title='bbox 827 3605 985 3688; x_wconf 89' lang='lat' dir='ltr'><strong>adeatque</strong></span> <span class='ocrx_word' id='word_1_262' title='bbox 1011 3611 1181 3688; x_wconf 88' lang='lat' dir='ltr'><strong>praeterea</strong></span> <span class='ocrx_word' id='word_1_263' title='bbox 1202 3604 1333 3670; x_wconf 89' lang='lat' dir='ltr'><strong>Buddei</strong></span> <span class='ocrx_word' id='word_1_264' title='bbox 1359 3605 1447 3690; x_wconf 90' lang='lat' dir='ltr'><strong>Isag.</strong></span> 
     </span>
     <span class='ocr_line' id='line_1_34' title="bbox 214 3690 1448 3842; baseline -0.002 0"><span class='ocrx_word' id='word_1_265' title='bbox 214 3694 362 3842; x_wconf 69' lang='lat' dir='ltr'><strong>iura</strong></span> <span class='ocrx_word' id='word_1_266' title='bbox 385 3689 701 3841; x_wconf 74' lang='lat' dir='ltr'><strong>a</strong></span> <span class='ocrx_word' id='word_1_267' title='bbox 725 3690 950 3842; x_wconf 68' lang='lat' dir='ltr'><strong>aare</strong></span> <span class='ocrx_word' id='word_1_268' title='bbox 973 3690 1343 3843; x_wconf 75' lang='lat' dir='ltr'><strong>ru</strong></span> <span class='ocrx_word' id='word_1_269' title='bbox 1361 3691 1448 3841; x_wconf 78' lang='lat' dir='ltr'><strong>u·</strong></span> 
     </span>
     <span class='ocr_line' id='line_1_35' title="bbox 214 3796 1449 3946; baseline 0.001 -19"><span class='ocrx_word' id='word_1_270' title='bbox 214 3827 410 3929; x_wconf 57' lang='lat' dir='ltr'><strong>asinione</strong></span> <span class='ocrx_word' id='word_1_271' title='bbox 431 3796 568 3928; x_wconf 63' lang='lat' dir='ltr'><strong>ridle.s</strong></span> <span class='ocrx_word' id='word_1_272' title='bbox 579 3800 628 3927; x_wconf 49' lang='lat' dir='ltr'><strong>vl</strong></span> <span class='ocrx_word' id='word_1_273' title='bbox 643 3798 717 3943; x_wconf 68' lang='lat' dir='ltr'><strong>iii,</strong></span> <span class='ocrx_word' id='word_1_274' title='bbox 745 3827 856 3946; x_wconf 73' lang='lat' dir='ltr'><strong>ungri</strong></span> <span class='ocrx_word' id='word_1_275' title='bbox 872 3798 1025 3929; x_wconf 62' lang='lat' dir='ltr'><strong>nillil.m</strong></span> <span class='ocrx_word' id='word_1_276' title='bbox 1020 3864 1047 3930; x_wconf 93' lang='lat'><strong>1.</strong></span> <span class='ocrx_word' id='word_1_277' title='bbox 1072 3799 1143 3944; x_wconf 67' lang='lat' dir='ltr'><strong>iil,</strong></span> <span class='ocrx_word' id='word_1_278' title='bbox 1163 3798 1304 3930; x_wconf 66' lang='lat' dir='ltr'><strong>bertin</strong></span> <span class='ocrx_word' id='word_1_279' title='bbox 1322 3827 1398 3930; x_wconf 79' lang='lat' dir='ltr'><strong>B&#39;o.</strong></span> <span class='ocrx_word' id='word_1_280' title='bbox 1421 3828 1449 3930; x_wconf 73' lang='lat'><strong>1}</strong></span> 
     </span>
     <span class='ocr_line' id='line_1_36' title="bbox 215 3948 859 4032; baseline 0.009 -23"><span class='ocrx_word' id='word_1_281' title='bbox 215 3952 286 4027; x_wconf 77' lang='grc'><strong>179,</strong></span> <span class='ocrx_word' id='word_1_282' title='bbox 309 3948 489 4015; x_wconf 84' lang='lat' dir='ltr'><strong>Unschnld.</strong></span> <span class='ocrx_word' id='word_1_283' title='bbox 513 3950 554 4014; x_wconf 89' lang='lat' dir='ltr'><strong>N.</strong></span> <span class='ocrx_word' id='word_1_284' title='bbox 580 3954 660 4011; x_wconf 90' lang='grc'><strong>1710</strong></span> <span class='ocrx_word' id='word_1_285' title='bbox 683 3971 713 4032; x_wconf 89' lang='lat' dir='ltr'><strong>p.</strong></span> <span class='ocrx_word' id='word_1_286' title='bbox 737 3954 773 4012; x_wconf 85' lang='lat'><strong>21</strong></span> <span class='ocrx_word' id='word_1_287' title='bbox 800 3959 859 4015; x_wconf 87' lang='lat' dir='ltr'><strong>eto.</strong></span> 
     </span>
    </p>

    <p class='ocr_par' dir='ltr' id='par_1_7' title="bbox 118 4032 1452 4729">
     <span class='ocr_line' id='line_1_37' title="bbox 300 4032 1449 4121; baseline 0.001 -20"><span class='ocrx_word' id='word_1_288' title='bbox 300 4032 515 4118; x_wconf 85' lang='lat' dir='ltr'><strong>Operislaus</strong></span> <span class='ocrx_word' id='word_1_289' title='bbox 534 4042 567 4101; x_wconf 88' lang='lat' dir='ltr'><strong>et</strong></span> <span class='ocrx_word' id='word_1_290' title='bbox 585 4035 697 4119; x_wconf 89' lang='lat' dir='ltr'><strong>gloria,</strong></span> <span class='ocrx_word' id='word_1_291' title='bbox 720 4056 818 4119; x_wconf 89' lang='lat' dir='ltr'><strong>quam</strong></span> <span class='ocrx_word' id='word_1_292' title='bbox 840 4037 1003 4101; x_wconf 85' lang='lat' dir='ltr'><strong>tamenin</strong></span> <span class='ocrx_word' id='word_1_293' title='bbox 1025 4035 1265 4121; x_wconf 87' lang='lat' dir='ltr'><strong>prolegomenis</strong></span> <span class='ocrx_word' id='word_1_294' title='bbox 1292 4041 1327 4100; x_wconf 91' lang='lat' dir='ltr'><strong>ct</strong></span> <span class='ocrx_word' id='word_1_295' title='bbox 1351 4056 1449 4120; x_wconf 89' lang='lat' dir='ltr'><strong>appa·</strong></span> 
     </span>
     <span class='ocr_line' id='line_1_38' title="bbox 214 4119 1450 4208; baseline 0.001 -22"><span class='ocrx_word' id='word_1_296' title='bbox 214 4128 291 4188; x_wconf 87' lang='lat' dir='ltr'><strong>ratu</strong></span> <span class='ocrx_word' id='word_1_297' title='bbox 311 4119 499 4206; x_wconf 90' lang='lat' dir='ltr'><strong>ponendam</strong></span> <span class='ocrx_word' id='word_1_298' title='bbox 522 4143 592 4188; x_wconf 89' lang='lat' dir='ltr'><strong>esse</strong></span> <span class='ocrx_word' id='word_1_299' title='bbox 620 4121 654 4185; x_wconf 94' lang='lat' dir='ltr'><strong>in</strong></span> <span class='ocrx_word' id='word_1_300' title='bbox 678 4128 809 4206; x_wconf 90' lang='lat' dir='ltr'><strong>promtu</strong></span> <span class='ocrx_word' id='word_1_301' title='bbox 832 4129 891 4202; x_wconf 91' lang='lat' dir='ltr'><strong>est,</strong></span> <span class='ocrx_word' id='word_1_302' title='bbox 913 4143 992 4187; x_wconf 86' lang='lat' dir='ltr'><strong>mox</strong></span> <span class='ocrx_word' id='word_1_303' title='bbox 1021 4123 1175 4208; x_wconf 90' lang='lat' dir='ltr'><strong>opinione</strong></span> <span class='ocrx_word' id='word_1_304' title='bbox 1204 4121 1306 4208; x_wconf 82' lang='lat' dir='ltr'><strong>vulgi,</strong></span> <span class='ocrx_word' id='word_1_305' title='bbox 1336 4130 1375 4189; x_wconf 89' lang='lat' dir='ltr'><strong>ut</strong></span> <span class='ocrx_word' id='word_1_306' title='bbox 1402 4123 1450 4202; x_wconf 87' lang='lat' dir='ltr'><strong>fit,</strong></span> 
     </span>
     <span class='ocr_line' id='line_1_39' title="bbox 214 4208 1452 4379; baseline 0.001 -19"><span class='ocrx_word' id='word_1_307' title='bbox 214 4209 251 4274; x_wconf 67' lang='lat'><strong>³¹¹</strong></span> <span class='ocrx_word' id='word_1_308' title='bbox 272 4208 879 4379; x_wconf 52' lang='lat' dir='ltr'><strong>ipdlllelmllllqd‘ldlallluanlll&#39;eduilli</strong></span> <span class='ocrx_word' id='word_1_309' title='bbox 891 4209 1104 4362; x_wconf 73' lang='grc'><strong>1111111</strong></span> <span class='ocrx_word' id='word_1_310' title='bbox 1125 4229 1452 4361; x_wconf 64' lang='lat' dir='ltr'><strong>tlttttffl</strong></span> 
     </span>
     <span class='ocr_line' id='line_1_40' title="bbox 214 4315 1449 4468; baseline 0.002 -22"><span class='ocrx_word' id='word_1_311' title='bbox 214 4315 390 4447; x_wconf 60' lang='lat' dir='ltr'><strong>eBlllilllnnia</strong></span> <span class='ocrx_word' id='word_1_312' title='bbox 411 4348 542 4466; x_wconf 75' lang='lat' dir='ltr'><strong>saepius</strong></span> <span class='ocrx_word' id='word_1_313' title='bbox 564 4381 664 4447; x_wconf 89' lang='lat' dir='ltr'><strong>Millii</strong></span> <span class='ocrx_word' id='word_1_314' title='bbox 691 4386 802 4445; x_wconf 81' lang='lat' dir='ltr'><strong>textus</strong></span> <span class='ocrx_word' id='word_1_315' title='bbox 831 4380 902 4446; x_wconf 89' lang='lat' dir='ltr'><strong>sine</strong></span> <span class='ocrx_word' id='word_1_316' title='bbox 930 4389 1090 4464; x_wconf 86' lang='lat' dir='ltr'><strong>apparatu</strong></span> <span class='ocrx_word' id='word_1_317' title='bbox 1117 4317 1215 4468; x_wconf 73' lang='lat' dir='ltr'><strong>typlls&#39;</strong></span> <span class='ocrx_word' id='word_1_318' title='bbox 1234 4389 1449 4466; x_wconf 89' lang='lat' dir='ltr'><strong>repeteretur.</strong></span> 
     </span>
     <span class='ocr_line' id='line_1_41' title="bbox 215 4466 1451 4553; baseline -0.001 -19"><span class='ocrx_word' id='word_1_319' title='bbox 215 4466 281 4549; x_wconf 77' lang='lat' dir='ltr'><strong>Qui</strong></span> <span class='ocrx_word' id='word_1_320' title='bbox 303 4468 414 4534; x_wconf 89' lang='lat' dir='ltr'><strong>nullus</strong></span> <span class='ocrx_word' id='word_1_321' title='bbox 436 4476 486 4533; x_wconf 89' lang='lat' dir='ltr'><strong>est</strong></span> <span class='ocrx_word' id='word_1_322' title='bbox 507 4469 572 4535; x_wconf 90' lang='lat' dir='ltr'><strong>nisi</strong></span> <span class='ocrx_word' id='word_1_323' title='bbox 594 4467 815 4552; x_wconf 82' lang='lat' dir='ltr'><strong>Stephanious</strong></span> <span class='ocrx_word' id='word_1_324' title='bbox 838 4489 879 4533; x_wconf 86' lang='lat' dir='ltr'><strong>ex</strong></span> <span class='ocrx_word' id='word_1_325' title='bbox 901 4467 1044 4534; x_wconf 89' lang='lat' dir='ltr'><strong>editione</strong></span> <span class='ocrx_word' id='word_1_326' title='bbox 1065 4470 1156 4553; x_wconf 85' lang='lat' dir='ltr'><strong>regia</strong></span> <span class='ocrx_word' id='word_1_327' title='bbox 1176 4490 1204 4535; x_wconf 90' lang='lat' dir='ltr'><strong>a.</strong></span> <span class='ocrx_word' id='word_1_328' title='bbox 1233 4472 1312 4531; x_wconf 83' lang='grc'><strong>1550</strong></span> <span class='ocrx_word' id='word_1_329' title='bbox 1343 4468 1451 4535; x_wconf 91' lang='lat' dir='ltr'><strong>fideli·</strong></span> 
     </span>
     <span class='ocr_line' id='line_1_42' title="bbox 215 4553 1452 4640; baseline 0.002 -22"><span class='ocrx_word' id='word_1_330' title='bbox 215 4565 265 4619; x_wconf 90' lang='lat' dir='ltr'><strong>ter</strong></span> <span class='ocrx_word' id='word_1_331' title='bbox 298 4555 490 4638; x_wconf 88' lang='lat' dir='ltr'><strong>descriptus.</strong></span> <span class='ocrx_word' id='word_1_332' title='bbox 540 4554 692 4637; x_wconf 78' lang='lat' dir='ltr'><strong>Quatuor</strong></span> <span class='ocrx_word' id='word_1_333' title='bbox 719 4562 849 4619; x_wconf 89' lang='lat' dir='ltr'><strong>tantum</strong></span> <span class='ocrx_word' id='word_1_334' title='bbox 881 4553 1036 4622; x_wconf 87' lang='lat' dir='ltr'><strong>lectiones</strong></span> <span class='ocrx_word' id='word_1_335' title='bbox 1063 4555 1237 4622; x_wconf 86' lang='lat' dir='ltr'><strong>observavi</strong></span> <span class='ocrx_word' id='word_1_336' title='bbox 1263 4555 1300 4620; x_wconf 91' lang='lat' dir='ltr'><strong>in</strong></span> <span class='ocrx_word' id='word_1_337' title='bbox 1331 4555 1452 4640; x_wconf 86' lang='lat' dir='ltr'><strong>quibus</strong></span> 
     </span>
     <span class='ocr_line' id='line_1_43' title="bbox 118 4639 1321 4729; baseline 0 -21"><span class='ocrx_word' id='word_1_338' title='bbox 118 4673 126 4686; x_wconf 48' lang='grc' dir='ltr'><em>ι</em></span> <span class='ocrx_word' id='word_1_339' title='bbox 207 4639 341 4709; x_wconf 81' lang='lat' dir='ltr'><strong>Milliue</strong></span> <span class='ocrx_word' id='word_1_340' title='bbox 362 4663 384 4708; x_wconf 89' lang='lat' dir='ltr'><strong>a</strong></span> <span class='ocrx_word' id='word_1_341' title='bbox 401 4639 575 4729; x_wconf 76' lang='lat' dir='ltr'><strong>Stephano</strong></span> <span class='ocrx_word' id='word_1_342' title='bbox 596 4639 640 4710; x_wconf 88' lang='lat' dir='ltr'><strong>ad</strong></span> <span class='ocrx_word' id='word_1_343' title='bbox 660 4639 833 4710; x_wconf 78' lang='lat' dir='ltr'><strong>Elaeviros</strong></span> <span class='ocrx_word' id='word_1_344' title='bbox 853 4639 996 4709; x_wconf 86' lang='lat' dir='ltr'><strong>transiit:</strong></span> <span class='ocrx_word' id='word_1_345' title='bbox 1019 4646 1045 4720; x_wconf 85' lang='grc' dir='ltr'><strong>ξ.</strong></span> <span class='ocrx_word' id='word_1_346' title='bbox 1069 4645 1098 4708; x_wconf 86' lang='grc'><strong>3.</strong></span> <span class='ocrx_word' id='word_1_347' title='bbox 1122 4643 1171 4706; x_wconf 81' lang='lat'><strong>28.</strong></span> <span class='ocrx_word' id='word_1_348' title='bbox 1195 4643 1246 4707; x_wconf 76' lang='lat'><strong>29.</strong></span> <span class='ocrx_word' id='word_1_349' title='bbox 1270 4644 1321 4708; x_wconf 79' lang='grc'><strong>30.</strong></span> 
     </span>
    </p>
   </div>
   <div class='ocr_carea' id='block_1_7' title="bbox 0 0 1504 5024">
    <p class='ocr_par' dir='ltr' id='par_1_8' title="bbox 0 0 1504 5024">
     <span class='ocr_line' id='line_1_44' title="bbox 0 0 1504 5024; baseline 0 2"><span class='ocrx_word' id='word_1_350' title='bbox 0 0 1504 5024; x_wconf 95' lang='lat' dir='ltr'><strong> </strong></span> 
     </span>
    </p>
   </div>
  </div>
 </body>
</html>
