3000 5024
66 254 104 329 ri
447 272 923 331 normounssrnrmmcnn
1261 279 1301 339 53

68 590 124 648 'U
168 587 448 648 FRANOOFURTI
472 609 532 732 αρᾉ
541 590 672 645 medea
687 590 767 731 liba&
790 589 918 732 llieglrelii
935 588 1035 644 Claud.
1053 588 1200 644 Moratum
1217 597 1243 644 et
1260 591 1302 645 Io.

152 825 229 909 Ipse
255 824 372 890 titulus
398 823 544 891 declarat
571 825 657 890 hanc
680 824 855 889 editionem
882 823 924 888 ad
947 823 1118 906 exemplar
1140 820 1302 907 Stephani

66 925 105 977 ut
126 932 155 977 a
177 910 260 975 1546
282 931 325 974 ex
341 910 538 977 bibliotheca
554 911 646 994 regia
663 931 819 975 excusum
836 910 944 975 fuerat
965 909 1199 975 conformatam
1217 929 1299 990 csse,

66 997 211 1080 adeoque
228 997 301 1079 ipsa
319 994 464 1062 eiusdem
482 996 640 1080 praefatio
663 995 708 1074 (O
718 994 903 1077 mirificam)
927 1001 1057 1062 servata
1080 1002 1129 1061 est
1151 995 1301 1079 quamvis

65 1084 106 1149 ab
130 1081 295 1147 editorum
317 1081 414 1147 rebus
436 1081 551 1148 aliena.

151 1169 279 1233 Tantus
311 1175 424 1233 tamen
456 1189 523 1233 non
555 1169 698 1233 intactus
731 1166 904 1246 remansit,
935 1165 993 1230 sed
1026 1186 1255 1249 nonnusquam
1283 1188 1303 1231 a

65 1253 268 1340 Stephanico
290 1254 517 1337 antiquissimo
536 1254 699 1338 discrepat
720 1258 754 1318 et
775 1251 907 1335 quidem
925 1252 965 1318 ab
988 1251 1053 1317 alia
1070 1272 1173 1316 manu
1191 1272 1302 1317 emen-

65 1340 163 1407 datus
185 1361 284 1423 quam
311 1360 396 1422 quae
418 1339 594 1405 editionem
621 1361 649 1404 a.
677 1342 824 1403 159701
853 1336 967 1403 eadem
992 1338 1122 1403 officina
1149 1339 1302 1403 emitten-

64 1427 142 1493 dam
164 1433 347 1502 curaverat,
376 1425 510 1508 propius
538 1425 580 1490 ad
600 1424 738 1490 Roberti
764 1423 901 1489 iunioris
929 1423 1116 1506 exemplum
1145 1423 1300 1490 acceden-

65 1519 142 1579 tem
188 1511 274 1577 (lum
294 1511 403 1594 priore
425 1511 515 1576 enim
536 1511 753 1576 Wecheliana
774 1531 841 1575 non
863 1509 927 1574 nisi
949 1518 1016 1575 tres
1033 1509 1213 1594 peculiares
1236 1509 1301 1574 lec·

65 1599 173 1665 tiones
207 1597 226 1661 i.
260 1619 288 1663 e.
323 1594 533 1680 aStephani
565 1597 672 1681 prima
703 1596 826 1661 alienas
861 1616 1048 1662 communes
1080 1595 1180 1660 habet
1217 1596 1300 1681 (U⁸;
1363 1650 1374 1663 .
1446 1616 1450 1625 “

64 1685 118 1749 W.
145 1688 163 1747 7
170 1707 180 1765 ;
201 1687 229 1766 β.
253 1681 297 1767 4).
349 1683 503 1748 Eundem
531 1684 655 1748 fontem
680 1682 875 1766 primarium
904 1680 974 1747 sola
1000 1681 1157 1765 relinquit
1186 1686 1301 1765 quater

65 1791 125 1853 pro
154 1769 328 1836 recentiori
351 1766 552 1853 Stephanica
576 1769 716 1835 lectione
739 1770 785 1854 (D
794 1780 814 1809 ⁸·
842 1768 882 1834 Ε.
905 1766 960 1833 W.
986 1771 1036 1833 24.
1062 1768 1127 1850 32),
1163 1767 1212 1833 bis
1238 1787 1298 1849 pro

64 1856 237 1924 Erasmica
256 1853 311 1942 (Q.
335 1859 407 1920 230.
431 1854 511 1932 Ul).

217 2133 284 2214 §2
330 2128 494 2196 EDI'PIO
521 2129 563 2194 R.
600 2127 835 2195 STEPHANI
867 2125 1143 2195 POS'PERIOR.

256 2331 308 2396 a*
329 2337 531 2396 nurnmnn
550 2356 583 2396 a
600 2340 715 2408 offiano
732 2340 769 2394 a.
787 2338 927 2412 statae.
950 2336 1039 2396 1550.
1052 2310 1108 2405 'fa

155 2506 251 2579 Inter
273 2503 493 2588 Stephanicas
515 2506 597 2571 haec
619 2512 669 2571 est
691 2505 901 2572 celeberrima
920 2513 954 2570 et
975 2505 1010 2570 in
1032 2506 1171 2573 historia
1187 2514 1301 2573 textus

65 2591 178 2678 graeci
200 2589 371 2658 scribenda
392 2599 466 2675 post
483 2591 565 2656 duas
587 2590 745 2657 editiones
766 2591 931 2675 principes
952 2591 1049 2676 longe
1071 2593 1209 2658 maximi
1230 2613 1300 2659 mo·

64 2679 181 2745 menti.
226 2677 332 2745 Ouius
353 2686 527 2744 externam
555 2679 692 2742 formam
713 2677 826 2761 paucis
853 2677 961 2760 accipe
982 2677 1154 2760 depictam.
1198 2679 1299 2746 Prae-

61 2765 209 2830 mittitur
227 2763 351 2847 duplex
372 2765 531 2846 praefatio
553 2763 701 2843 Roberti,
725 2763 829 2828 altera
851 2784 967 2846 graeca
989 2764 1093 2830 altera
1113 2765 1227 2845 latina,
1258 2765 1298 2832 de

61 2849 199 2917 consilio
231 2870 289 2915 suo
322 2850 434 2915 critico
467 2847 509 2913 ad
541 2849 695 2915 lectorem
728 2849 933 2928 disserentis,
968 2856 1038 2915 tum
1071 2850 1298 2935 Ohrysostomi

60 2934 222 3016 ὖπὸμνημα
238 2936 376 3021 περὶτοῦ
398 2935 580 3016 εὐαγγελίου,
603 2936 738 3001 Eusebii
763 2934 902 3019 epistola
929 2931 971 2999 ad
993 2934 1194 3020 Carpianum
1221 2959 1296 3003 cum

60 3020 208 3088 eiusdem
225 3020 337 3086 tabula
355 3042 518 3087 canonum
528 3020 784 3107 synopticorum,
803 3020 926 3105 duplex
937 3026 1028 3100 πίναξ
1045 3022 1191 3087 locorum
1202 3021 1244 3086 V.
1258 3023 1294 3087 Τ.

47 3109 94 3174 ·in
115 3107 213 3173 Novo
240 3107 295 3173 vel
322 3108 424 3173 verbo
447 3115 542 3171 tenus
564 3107 618 3174 vel
638 3107 773 3173 liberius
802 3107 1025 3190 allegatorum‚
1056 3107 1196 3173 Henrici
1218 3105 1295 3173 Ste-

59 3192 163 3278 phani
185 3214 319 3259 carmen
341 3214 494 3278 graecum
513 3193 784 3259 exhortatorium.
829 3192 1020 3276 Evangeliis
1039 3193 1176 3276 singulis
1198 3215 1294 3277 prae·

58 3281 208 3364 figuntur
228 3281 291 3362 βίοι
312 3287 493 3358 auctorum,
517 3272 754 3364 Theophylacti
776 3278 952 3362 prooemia,
981 3278 1119 3344 Actibus
1149 3279 1294 3346 narratio

59 3365 172 3431 brevis
194 3363 236 3429 de
262 3365 435 3431 itineribus
456 3364 555 3430 Pauli
575 3371 608 3430 et
629 3366 778 3431 Euthalii
801 3364 920 3429 notitia
945 3365 1184 3450 chronologica,
1212 3367 1293 3450 Epi·

58 3451 153 3518 sbolis
173 3448 343 3531 terascea,
365 3451 517 3516 omnibus
536 3459 645 3517 autem
663 3450 756 3517 libris
773 3457 907 3523 ἐκθέσεις
923 3453 983 3514 τῶν
1000 3456 1182 3534 κεφαλαίων,
1201 3459 1291 3518 vete·

58 3558 134 3602 rum
157 3536 282 3602 scilicet
304 3535 389 3620 apud
413 3537 556 3603 Graecos
578 3538 782 3602 usitatorum.
828 3538 944 3620 Margo
975 3538 1118 3602 exterior
1139 3538 1210 3605 loca
1234 3560 1292 3621 pa·

58 3621 182 3701 rallela,
200 3622 338 3688 interior
354 3624 523 3689 variantes
542 3623 697 3688 lectiones
716 3624 858 3703 exhibet,
882 3623 974 3706 siglis
992 3622 1140 3689 codicum
1158 3623 1292 3690 distinc-

58 3715 119 3775 tas.
165 3708 218 3774 De
246 3729 386 3790 quornm
407 3709 535 3774 ratione
557 3731 656 3794 supra
674 3709 823 3774 laudatos
845 3710 1020 3791 scriptores
1042 3708 1139 3775 adeas
1168 3710 1292 3775 dudum

58 3793 160 3860 libere
178 3800 215 3860 et
229 3815 308 3860 vere
325 3795 488 3878 professos
505 3793 584 3878 quid
601 3795 641 3860 de
653 3794 817 3879 Stephani
836 3794 990 3861 methodo
1010 3795 1220 3881 statuendum
1238 3797 1289 3862 sit.

142 3880 207 3945 Est
228 3879 310 3947 haec
335 3881 408 3965 ipsa
434 3879 533 3946 editio
562 3903 604 3946 ex
632 3903 698 3964 qua
724 3882 894 3947 derivatur
920 3902 1017 3964 quem
1043 3882 1148 3946 nostri
1175 3887 1291 3948 tectam

57 3970 212 4050 receptum
233 3966 334 4052 vulgo
351 3975 480 4046 vocant,
503 3968 636 4032 nomine
656 3968 706 4032 rei
726 3969 836 4033 minus
859 3967 942 4031 bene
964 3974 1084 4051 aptato.
1116 3967 1206 4033 Talis
1228 3968 1290 4033 fuit

58 4051 128 4119 eius
151 4051 238 4134 apud
259 4052 417 4135 plurimos
439 4055 606 4137 autoritas,
628 4054 695 4118 imo
718 4055 899 4119 etiamnum
921 4062 981 4132 est,
1009 4059 1047 4117 ut
1068 4053 1154 4117 nihil
1184 4055 1290 4119 obstet

57 4137 232 4223 quominus
264 4138 302 4202 in
335 4140 547 4222 sequentibus
574 4140 673 4204 huius
702 4141 808 4205 tertiae
838 4145 968 4204 textum
996 4139 1188 4223 simpliciter
1215 4137 1289 4205 Ste-

56 4224 236 4308 phanicum
269 4224 439 4309 appellem.
490 4226 607 4310 Itaque
640 4224 831 4311 diligentius
864 4227 933 4292 eius
967 4246 1098 4292 caussas
1125 4245 1290 4308 exponam

56 4331 75 4376 o
118 4316 195 4376 rtet.

75 4332 118 4397 po
141 4394 252 4477 Quem
274 4397 303 4462 si
320 4416 396 4463 cum
413 4396 558 4480 primum
577 4396 663 4463 edito
684 4399 870 4478 contuleris,
889 4399 1000 4464 tricies
1018 4403 1052 4462 et
1070 4396 1171 4463 octies
1190 4396 1288 4463 Gom-

75 4484 242 4549 lntensem
263 4482 435 4549 lectionem
459 4483 627 4564 delevisse,
647 4485 853 4550 Erasmicam
876 4483 1046 4567 adoptasse
1065 4481 1288 4567 deprehendes

68 4566 232 4636 „EG-4.
259 4568 303 4635 H.
333 4569 458 4653 ΠΨ),
491 4570 542 4636 bis
570 4591 589 4634 e
621 4571 783 4637 contrario
818 4570 858 4636 ab
891 4570 953 4636 hac
985 4569 1025 4634 ad
1058 4569 1151 4634 illam
1178 4575 1288 4634 trans·

52 4656 132 4723 iisse
160 4654 233 4742 (0).
278 4653 374 4737 Quod
401 4657 444 4721 ad
470 4656 625 4724 lectiones
648 4677 752 4724 novas
774 4656 999 4746 Stephanieas
1026 4657 1155 4726 attinet
1178 4654 1312 4736 ubique
