3000 5024
737 230 853 287 CAPUT
871 232 905 285 II.

493 494 508 575 s
533 496 560 556 1.
604 489 766 557 semro
789 488 969 557 nassau
990 489 1151 557 rarus.

441 685 484 739 rs
506 684 700 742 casuras
718 704 762 757 ap.
786 686 826 741 ιι.
845 685 1018 741 suarm
1040 683 1129 742 1516.
1145 685 1196 751 ar.

295 832 455 899 Omnium
483 835 659 912 rarissima,
688 856 803 901 verum
832 836 932 899 ctiam
954 835 1091 901 caeteris
1111 835 1258 901 vitiosior
1282 841 1317 900 et
1342 835 1441 901 innu-

210 921 311 984 meris
333 920 462 986 mendis
484 921 729 1005 typographicis
754 928 787 985 et
815 921 1077 1005 orthographicis
1107 927 1235 987 scatens
1262 941 1345 1003 quae
1370 942 1442 988 cor-

211 1013 355 1071 rectores
378 1007 519 1090 alioquin
543 1006 663 1072 eruditi
685 1029 703 1072 e
726 1007 833 1073 codice
856 1028 922 1072 non
951 1007 1029 1072 satis
1057 1005 1232 1091 diligenter
1260 1017 1442 1091 expurgato

209 1092 269 1157 sub
291 1092 419 1174 prelum
437 1094 581 1177 irrepere
603 1093 692 1176 passi
713 1099 799 1158 sunt.
834 1093 876 1157 In
893 1094 1001 1157 fronte
1023 1092 1199 1159 voluminis
1218 1093 1341 1177 legitur
1357 1095 1441 1160 Fro-

208 1175 298 1242 benii
322 1179 487 1260 praefatis,
510 1179 643 1245 Erasmi
671 1179 712 1244 ad
734 1181 880 1244 Leonem
902 1179 945 1243 X.
975 1179 1173 1245 Pontificem
1199 1178 1370 1258 dedicatio,
1401 1181 1443 1246 ad

208 1263 365 1329 lectorem
387 1265 572 1347 paraclesis,
595 1265 770 1331 methodus
793 1272 824 1330 et
848 1265 1003 1349 apologia.
1042 1265 1235 1348 Evangeliis
1252 1265 1442 1350 praefigun-

210 1355 267 1413 tur
289 1370 331 1413 ex
353 1350 516 1416 codicibus
535 1352 629 1434 petiti
646 1355 708 1435 βίοι
726 1353 931 1435 scriptorum,
949 1351 1109 1433 Epistolis
1126 1350 1287 1426 ὑποθέσεις
1304 1373 1442 1436 graecae

209 1442 242 1500 et
269 1435 403 1501 editoris
431 1453 635 1521 argumenta.
685 1438 866 1520 Exemplar
894 1457 1005 1501 meum
1031 1437 1109 1502 olim
1135 1435 1245 1502 fuerat
1270 1437 1297 1502 Ι.
1326 1438 1367 1504 Α.
1397 1438 1441 1504 Η.

207 1521 390 1586 Τί11166661
412 1524 602 1605 professoris
621 1524 814 1606 Lipsiensis.

292 1607 467 1674 Lectiones
484 1609 562 1674 huic
583 1610 709 1692 primae
730 1610 883 1694 propriae
905 1630 1006 1694 supra
1022 1610 1058 1673 iu
1076 1609 1223 1694 catalogo
1241 1609 1443 1677 variantium

206 1701 419 1758 recensentur
442 1696 501 1760 sub
523 1695 571 1759 lit.
593 1696 626 1760 R
648 1696 789 1778 exempli
812 1696 919 1780 gratia
941 1694 1081 1761 selectae
1101 1717 1119 1760 e
1139 1695 1299 1778 plurimis.
1346 1694 1442 1778 Quae

206 1801 307 1862 quum
336 1800 459 1864 magna
485 1802 528 1846 ex
554 1789 647 1865 parte
675 1802 766 1846 mera
793 1783 877 1848 vitia
899 1783 1081 1865 scripturae
1109 1782 1225 1847 haberi
1252 1783 1381 1865 possint
1408 1783 1442 1848 in

205 1866 415 1948 paucioribus
438 1867 617 1934 subsistere
638 1868 824 1933 maluimus.
870 1869 1110 1935 Notaveramus
1136 1869 1224 1933 inter
1250 1868 1315 1933 clia
1342 1868 1445 1935 etiam

206 1951 329 2017 Matth.
356 1956 403 2031 17,
428 1957 483 2019 27:
513 1973 577 2019 om.
600 1959 706 2018 ἐκεῖνον
734 1953 845 2037 λαβών.
890 1955 971 2020 Luc.
1002 1959 1049 2034 16,
1081 1958 1134 2020 10:
1162 1959 1192 2017 ἐν
1220 1952 1321 2040 ὀλίγῳ.
1366 1955 1442 2022 Aet

209 2041 257 2101 19.
283 2042 340 2102 35:
363 2048 550 2114 κατασείσας.
596 2039 632 2106 O.
657 2044 707 2119 22,
734 2043 787 2103 12:
810 2039 956 2104 16616766.
1001 2038 1037 2105 O.
1062 2045 1112 2120 24,
1137 2044 1192 2105 23:
1217 2038 1361 2104 badacar
1382 2062 1443 2124 pro

205 2121 299 2188 ἰδίων.
335 2125 429 2190 Rom.
456 2131 504 2206 12,
529 2131 584 2191 20:
607 2147 668 2191 om.
692 2123 742 2189 ἐὰν
765 2124 842 2219 διψᾷ
863 2126 963 2205 πότιζε
986 2123 1079 2189 αὐτόν.
1119 2127 1219 2211 Apoc.
1245 2130 1274 2205 7,
1300 2132 1348 2192 17.
1372 2146 1443 2193 om:

206 2214 257 2271 καὶ
290 2215 442 2293 ἐξαλείψει
475 2219 567 2278 caett.
602 2213 644 2277 ad
676 2214 785 2277 finem.
837 2211 890 2278 De
924 2211 1123 2296 Apocalypsi
1155 2213 1368 2296 potissimum
1402 2214 1443 2280 ab

208 2295 350 2360 Erasmo
379 2299 490 2365 minus
518 2305 668 2364 accurate
695 2297 784 2363 edita
812 2298 980 2381 speciatim
1013 2297 1169 2364 disseruit
1193 2300 1235 2364 V.
1265 2297 1353 2365 Olar.
1384 2301 1443 2367 Fr.

205 2379 374 2446 Delitasch
395 2383 432 2447 in
453 2385 578 2450 libello:
602 2383 888 2467 Hoadscbrc‘ftb‘ebe
911 2383 1024 2451 Funde
1046 2385 1086 2449 L.
1113 2389 1204 2450 1861.

514 2592 541 2649 2.
565 2593 747 2653 VENETIIS
770 2615 815 2668 αρ.
833 2598 946 2652 Awana
968 2594 1057 2654 1518.
1076 2596 1127 2664 soz.

290 2726 352 2792 Est
369 2747 445 2810 pars
467 2727 564 2792 tertis
582 2728 758 2794 bibliorum
777 2749 968 2813 graecorum
987 2751 1028 2794 ex
1046 2728 1181 2794 aedibus
1198 2727 1278 2793 Aldi
1295 2729 1445 2796 Manutii

204 2812 396 2878 curantibus
429 2814 536 2879 tribus
566 2815 725 2879 Asulanis
757 2815 912 2880 fratribus
939 2815 1117 2894 editorum,
1151 2835 1293 2897 quorum
1319 2816 1443 2882 tertius

204 2898 403 2964 Franciscus
420 2900 461 2965 N.
481 2900 518 2964 Τ.
540 2921 582 2963 ex
605 2901 738 2965 Erasmi
756 2901 863 2983 prima
881 2900 1025 2966 editione
1043 2900 1184 2966 describi
1200 2901 1298 2966 iussit
1315 2901 1443 2967 eidem-

204 3005 267 3067 que
290 2983 419 3051 dicavit.
454 2985 504 3052 df.
523 2986 649 3052 Masch.
673 2986 699 3051 Ι.
724 2991 783 3050 196
802 2986 930 3053 Knoch.
949 2988 969 3052 l.
989 2987 1010 3051 l.
1029 3008 1060 3070 p.
1084 2989 1154 3052 260.
1176 2986 1278 3052 Millii
1305 2990 1320 3071 ξ
1346 2992 1441 3054 1122.

202 3071 378 3137 Michaelis
399 3072 518 3138 introd.
541 3073 568 3138 I.
593 3077 664 3137 781.
710 3072 819 3153 Quam
840 3075 888 3138 ita
908 3095 1021 3157 presse
1043 3073 1192 3156 sequitur
1213 3073 1295 3138 haec
1316 3073 1445 3140 Aldina

206 3164 244 3221 ut
265 3158 319 3224 vel
340 3159 411 3224 eius
433 3160 516 3226 vitia
537 3160 775 3244 typographica
795 3161 950 3244 pleraque
972 3158 1106 3226 servet.
1134 3158 1254 3224 Editor.
1278 3179 1360 3227 vero
1386 3182 1443 3226 co-

203 3242 292 3310 dices
313 3245 435 3310 multos
457 3267 575 3328 eosque
595 3246 837 3312 vetustissimos
859 3268 894 3311 se
917 3245 1107 3311 adhibuisse
1128 3246 1230 3311 iactat
1255 3244 1296 3310 de
1318 3245 1442 3328 quibus

204 3350 315 3394 annon
336 3329 419 3395 falso
442 3332 602 3415 gloriatus
627 3333 671 3397 sit
691 3331 854 3414 hodieque
883 3333 970 3396 inter
993 3333 1082 3398 viros
1108 3329 1219 3397 doctos
1248 3329 1441 3414 ambigitur.

202 3414 289 3480 Vide
311 3416 439 3480 Birchii
460 3418 595 3500 praefat.
619 3419 661 3482 ad
685 3418 770 3484 Evv.
794 3440 823 3500 p.
848 3424 876 3482 7.
894 3418 1007 3501 Hugii
1027 3417 1145 3483 introd.
1175 3417 1202 3482 I.
1226 3419 1298 3481 315.
1322 3417 1442 3484 Goezii

202 3499 298 3566 Vera.
322 3524 352 3586 p.
378 3505 428 3566 23.
453 3507 503 3567 27.
528 3503 751 3590 llichhornius
768 3504 804 3569 in
826 3525 886 3570 sua
907 3504 1026 3569 introd.
1057 3505 1093 3568 Τ.
1116 3502 1157 3569 V.
1180 3507 1241 3568 265
1260 3524 1326 3568 uno
1344 3506 1441 3588 quasi

202 3607 259 3652 ore
281 3588 466 3654 Asulanum
494 3610 597 3656 novos
619 3590 744 3656 codices
770 3591 924 3657 habuisse
947 3598 980 3655 ct
1001 3596 1101 3673 negat
1128 3597 1161 3655 et
1190 3589 1342 3654 affirmat.
1387 3591 1440 3659 Of.

200 3675 301 3749 etiam
323 3674 562 3740 Delitaschium
581 3675 601 3740 l.
625 3677 646 3741 l.
670 3699 701 3760 p.
724 3679 776 3740 62.

287 3759 375 3826 Sunt
396 3782 476 3827 sane
497 3763 652 3828 lectiones
675 3763 800 3845 aliquot
827 3763 864 3827 in
893 3761 956 3827 hac
977 3761 1120 3828 editione
1149 3759 1267 3843 quibus
1295 3766 1440 3848 receptis

201 3848 242 3912 ab
269 3846 441 3912 Erasmica
467 3847 600 3914 recedit.
653 3847 805 3928 Quarum
840 3848 950 3930 plures
976 3850 1098 3930 absque
1127 3847 1276 3913 codicum
1304 3868 1366 3932 ope
1394 3872 1439 3917 ex

200 3953 292 3998 mera
310 3934 496 3999 coniectura
518 3935 733 4018 grammatica
751 3935 828 3999 oriri
845 3940 1005 4017 poterant,
1028 3935 1109 4000 alias
1127 3939 1236 3999 autem
1253 3936 1436 4018 pauciores,

200 4019 265 4086 nisi
287 4021 396 4085 omnia
417 4020 544 4100 fallunt,
562 4040 679 4087 revera
701 4042 719 4085 6
748 4019 858 4085 codiee
885 4020 996 4103 aliquo
1025 4018 1098 4086 MS.
1129 4020 1235 4085 editor
1261 4022 1438 4104 repetiisse

200 4105 339 4173 videtur.
385 4107 523 4173 Minime
546 4107 634 4173 enim
656 4127 734 4173 vero
758 4106 865 4171 simile
887 4113 938 4172 est
965 4108 995 4172 ei
1022 4107 1088 4181 iam
1111 4106 1308 4190 exemplaris
1335 4108 1437 4176 Oom-

198 4193 359 4276 plutensis
381 4212 457 4257 cum
479 4215 543 4276 quo
565 4193 696 4275 saepius
718 4193 882 4258 consentit
903 4193 1030 4277 copiam
1052 4193 1161 4258 fuisse.

284 4278 534 4361 Complutenses
555 4280 711 4345 lectiones
734 4300 814 4361 quas
836 4279 1082 4346 observavimus
1102 4279 1165 4344 hae
1188 4285 1280 4344 sunt:
1326 4283 1359 4347 A
1382 4287 1434 4348 25.

199 4366 241 4517 gr.
278 4371 327 4431 59.
361 4367 393 4432 J.
427 4370 497 4430 118.
531 4371 600 4430 148.
637 4369 708 4430 216.
741 4366 785 4430 Κ.
820 4368 891 4430 237.
925 4366 964 4430 P.
1000 4369 1071 4429 271.
1107 4363 1147 4447 Q.
1178 4369 1249 4431 297.
1285 4367 1327 4433 R.
1360 4372 1434 4435 311.

285 4538 423 4602 Aldinae
451 4536 592 4601 dixerim
618 4536 700 4601 alias
728 4537 769 4602 ab
797 4541 938 4619 utraque
967 4536 1109 4602 editione
1135 4537 1282 4621 principe
1308 4539 1434 4608 alienas

198 4623 256 4690 sed
277 4625 345 4690 fere
366 4624 504 4689 minoris
526 4623 698 4689 momenti:
