3000 5024
184 220 226 281 10
728 215 846 271 CAPUT
862 215 896 271 11.
1397 213 1423 271 U

185 479 201 560 1
224 479 252 541 1.
286 472 539 542 ammonas
557 473 985 542 BRYLINGERIANAE
1004 471 1422 542 sabaeo-Lumen

634 579 698 643 AN
700 577 963 659 rlqffloaaa
1326 583 1331 602 '

273 735 354 797 Tres
374 751 475 813 supra
496 735 645 797 recensui
668 730 826 797 editiones
849 753 869 796 a
890 733 1098 819 typographo
1119 732 1305 799 Basileensi
1323 731 1424 799 Nico·

185 821 237 884 lao
258 819 461 903 Brylingero
490 826 689 901 procuratas,
721 818 802 884 duas
824 840 914 884 mere
941 839 1075 904 graecus
1101 838 1201 884 uuam
1229 818 1424 902 bilinguem,

186 926 326 990 quarum
348 904 456 986 prima
477 925 505 968 a.
533 909 609 968 1111
639 905 843 971 Ι11111111111
865 907 1016 988 quintam
1037 905 1203 987 sequitur,
1226 903 1373 971 secunda
1395 927 1424 971 a.

191 996 272 1056 1143
291 990 419 1056 Bebelii
438 997 566 1055 textum
587 992 696 1068 refert,
719 992 817 1056 tertia
834 1012 861 1056 a.
889 997 969 1056 1148
988 989 1031 1056 11
1050 991 1207 1057 Frobenii
1223 997 1426 1074 postremam

185 1078 441 1161 recognitionem
459 1096 616 1160 expressa
632 1078 709 1156 fuit;
733 1077 814 1142 duas
831 1077 922 1156 alias,
944 1077 1059 1142 itidem
1076 1097 1166 1142 mere
1183 1097 1318 1161 graecas
1335 1077 1425 1142 infra

185 1164 320 1231 habebis
350 1183 379 1227 a.
413 1166 494 1225 1553
523 1176 556 1229 et
589 1168 669 1227 1558
696 1162 837 1228 fideliter
865 1162 1072 1247 Stephanum
1100 1170 1264 1247 sequutus,
1293 1169 1425 1229 sextam

185 1250 325 1332 deniquo
354 1270 381 1312 a.
420 1251 499 1312 1163
532 1247 684 1331 Crispino
721 1248 796 1315 duci
828 1249 999 1314 addictam.
1050 1248 1154 1315 Vides
1181 1248 1425 1334 infatigabilem

186 1337 248 1403 viri
269 1334 469 1399 industriam
498 1334 672 1400 detextus
700 1336 957 1401 conformatione
986 1335 1132 1402 strictius
1165 1335 1328 1402 servanda
1354 1357 1425 1401 non

185 1421 363 1488 admodum
387 1420 560 1486 sollicitam
582 1421 693 1500 fuisse,
717 1422 782 1487 nisi
804 1443 881 1486 eum
902 1422 964 1509 hoc
987 1423 1120 1488 nomine
1141 1421 1277 1488 laudare
1294 1421 1425 1489 malue-

184 1510 231 1575 ris
253 1507 338 1591 quod
360 1507 557 1573 novissimos
578 1528 722 1591 quosque
743 1508 881 1573 aliorum
902 1508 1030 1573 labores
1052 1510 1088 1574 in
1110 1529 1208 1574 suum
1230 1529 1328 1574 usum
1345 1528 1425 1576 con·

184 1595 330 1661 verterit.
377 1592 677 1677 Quomodoeunque
697 1615 750 1659 res
772 1615 807 1659 se
831 1594 964 1673 habeat,
988 1596 1186 1661 recentiores
1214 1602 1356 1660 externa
1382 1593 1425 1659 li-

185 1683 318 1747 brorum
347 1680 455 1762 specie
483 1679 611 1763 decepti
643 1701 727 1762 quae
759 1681 910 1745 omnibus
947 1681 1070 1760 eadem,
1100 1682 1141 1746 de
1167 1682 1208 1746 iis
1242 1677 1425 1748 seeundum

185 1769 291 1833 fontes
313 1765 555 1850 distinguendis
576 1767 712 1832 minime
738 1768 926 1850 cogitarunt
947 1787 1125 1850 omnesque
1152 1768 1220 1833 fere
1243 1767 1426 1833 Erasmieis

186 1853 453 1919 adnumerarunt
498 1853 586 1918 Vide
607 1873 687 1936 prae
709 1854 847 1919 caeteris
870 1852 1110 1919 Eiohhornium
1131 1853 1256 1919 Introd.
1281 1852 1325 1918 V.
1349 1857 1425 1919 267.

271 1938 365 2005 Idem
387 1959 467 2004 vero
489 1939 714 2025 typographus
736 1939 869 2023 longam
886 1940 1005 2005 seriem
1023 1938 1205 2006 editionum
1223 1938 1427 2024 bilinguium

185 2026 324 2111 paravit,
347 2046 407 2109 per
430 2027 602 2109 sexaginta
624 2047 728 2091 anuos
750 2022 911 2108 usquead
933 2026 1054 2092 saeculi
1077 2026 1194 2092 decimi
1212 2026 1301 2092 sexti
1321 2026 1427 2091 finem

186 2112 449 2196 frequentissimo
472 2110 692 2177 studiosorum
713 2134 776 2178 usu
798 2111 1046 2191 celebratarum,
1075 2112 1194 2195 quippe
1222 2131 1306 2195 quae
1336 2113 1428 2178 inter

186 2198 356 2264 manuales
379 2198 503 2280 primae
526 2199 697 2265 versionen
718 2219 736 2262 e
758 2197 892 2282 regione
914 2198 1086 2283 archetypi
1107 2198 1302 2264 exhiberent
1324 2196 1427 2282 adpo·

187 2285 292 2350 sitam.
344 2283 508 2349 Omnibus
535 2283 617 2362 illis,
648 2290 682 2349 et
707 2305 775 2349 non
802 2283 1046 2350 Basileensibus
1073 2291 1204 2350 tantum
1238 2283 1300 2351 sed
1325 2285 1428 2351 etiam

187 2370 416 2454 lipsiensibus
439 2391 551 2434 earum
575 2369 787 2455 apographis,
816 2391 881 2435 una
910 2370 1087 2453 eademque
1117 2377 1167 2435 est
1193 2371 1306 2450 forma,
1337 2370 1428 2436 idem

189 2464 347 2543 typorum
370 2456 548 2534 character,
571 2455 728 2521 minutior
750 2455 880 2540 quidem
899 2464 932 2521 et
953 2456 1041 2522 lectu
1063 2458 1142 2523 satis
1162 2456 1313 2535 difficilis,
1337 2456 1428 2522 idem

188 2564 357 2609 numerus.
372 2542 566 2624 paginarum
594 2542 699 2626 (779),
727 2541 842 2608 eadem
870 2542 1094 2609 additamenta
1119 2543 1300 2628 isagogioa,
1336 2543 1428 2610 vitae

189 2627 481 2711 evangelistarum,
515 2627 648 2693 Erasmi
680 2634 877 2711 argumenta
904 2629 1129 2711 epistolarum,
1163 2629 1234 2694 loca
1266 2628 1429 2711 parallela

188 2715 332 2798 margini
358 2712 538 2796 adscripta,
569 2721 602 2779 et
628 2713 689 2780 sub
711 2714 832 2780 calcem
857 2713 1181 2781 Pseudo-Athanasii
1209 2715 1358 2780 recensio
1385 2715 1427 2779 li·

188 2801 324 2867 brorum
346 2801 617 2885 apocryphorum,
645 2808 683 2865 ut
704 2801 769 2865 nisi
790 2800 947 2866 attentius
976 2822 1029 2866 res
1056 2801 1298 2869 examinaveris
1327 2821 1429 2885 saepe

190 2887 292 2955 solam
314 2887 393 2950 anni
413 2893 525 2951 notam
547 2887 582 2951 in
600 2886 695 2952 titulo
717 2893 878 2951 mutatam
901 2887 1032 2953 dixeris.
1066 2886 1155 2953 Sunt
1177 2897 1290 2953 tamen
1306 2908 1429 2954 revera

190 2994 303 3040 omnes
324 2973 412 3039 inter
440 2993 474 3038 se
502 2972 660 3051 diversae,
689 2973 870 3037 formarum
897 2994 983 3039 nova
1012 2974 1246 3056 compositione
1275 2974 1430 3054 iteratae,

189 3080 304 3125 omnes
325 3056 454 3124 mendis
475 3059 659 3124 innumeris
676 3058 830 3124 foedatae.
866 3057 943 3138 Sed,
963 3059 1049 3141 quod
1067 3060 1204 3139 mireris,
1226 3065 1340 3126 textus
1356 3061 1431 3144 ipsa

191 3145 330 3212 subinde
351 3151 507 3224 mutatus,
529 3143 804 3228 quemadmodum
826 3144 861 3209 id
888 3145 924 3208 in
953 3145 1152 3212 editionibus
1182 3167 1271 3211 mere
1298 3148 1431 3229 graecis

190 3231 337 3299 eiusdem
360 3232 509 3297 officinae
531 3233 597 3296 iam
615 3233 834 3297 observatum.
867 3229 1010 3296 Videtur
1027 3232 1135 3314 operis
1154 3231 1338 3316 dirigendis
1360 3254 1431 3299 non
1482 3266 1485 3273 ·

191 3318 341 3385 indoctus
370 3317 488 3401 aliquis
515 3318 696 3401 praefuisse
724 3317 779 3400 qui
808 3317 886 3383 hino
913 3316 989 3382 inde
1018 3337 1153 3382 manum
1179 3318 1289 3385 textui
1314 3340 1431 3385 emen-

192 3405 298 3471 dando
332 3403 529 3469 admoveret
567 3403 642 3468 'Hic
672 3405 760 3469 enim
790 3404 884 3467 initio
917 3423 1007 3469 mere
1035 3404 1226 3471 Erasmieus
1252 3405 1433 3487 paullatim

193 3490 395 3574 Stephanico
418 3489 552 3572 propius
574 3489 717 3556 accessit.
752 3489 868 3571 Itaque
890 3489 1052 3555 editiones
1073 3488 1137 3554 hae
1151 3490 1433 3575 Brylingorianae

192 3579 228 3642 in
249 3576 332 3641 duas
354 3576 454 3640 series
477 3573 728 3658 distinguendae
751 3581 837 3654 sunt,
866 3595 1005 3656 quarum
1026 3576 1170 3659 priorem
1192 3583 1324 3641 tantum
1353 3577 1433 3644 huic

192 3663 332 3747 paginae
359 3663 511 3727 inseram.
558 3659 646 3725 Sunt
668 3667 701 3725 ot
722 3660 846 3742 aliquot
873 3660 1029 3726 lectiones
1056 3661 1134 3727 huie
1156 3661 1301 3727 familiae
1332 3685 1433 3747 pecu-

190 3750 288 3814 liares
311 3768 450 3832 quarum
473 3767 533 3830 epe
554 3767 626 3811 eam
642 3748 743 3812 latius
765 3747 910 3829 patuisse
927 3745 1144 3814 ostendemus.
1178 3748 1434 3816 Versiculerum

193 3835 400 3901 distinctione
423 3839 537 3898 carent
560 3832 646 3897 sicut
667 3833 857 3898 Erasmieae
876 3832 1021 3916 reliquae
1045 3855 1165 3900 omnes.

277 3921 320 3985 In
341 3920 404 3985 hae
424 3920 533 4002 prima
555 3920 639 3983 serie
668 3927 777 3984 textus
799 3916 1047 3984 fundamentum
1076 3927 1126 3986 est
1151 3921 1286 3987 Erasmi
1314 3923 1436 4006 quinta

192 4006 278 4091 quod
304 4007 448 4071 maxime
476 4006 513 4070 in
538 4005 740 4090 Apocalypsi
770 4003 913 4087 adparet.
965 4005 1068 4072 Ouius
1097 4013 1210 4073 tamen
1236 4007 1437 4075 lectionibus

193 4093 315 4178 passim
338 4092 421 4158 aliae
443 4093 689 4158 substituuntur
710 4113 751 4156 ex
772 4089 951 4156 Bebeliane
972 4090 1057 4157 libro
1079 4093 1208 4176 petitae.
1253 4095 1437 4162 Lectiones

192 4179 468 4265 Brylingorianae
490 4178 620 4262 proprie
638 4179 684 4244 sic
707 4174 862 4242 dicendae
884 4197 950 4242 non
973 4179 1086 4244 statim
1109 4180 1149 4246 ab
1170 4179 1268 4245 initio
1296 4181 1435 4248 adsunt.

194 4266 283 4332 Sunt
304 4284 383 4331 vero
404 4265 441 4329 iu
464 4265 526 4331 hac
548 4264 631 4329 serie
653 4268 841 4346 sequentes:
967 4338 969 4343 ¹

280 4355 309 4433 β.
332 4355 357 4414 1.
381 4353 462 4416 Luc.
491 4356 516 4430 1,
542 4355 590 4414 35.
616 4351 670 4435 (U.
701 4347 753 4434 12)
775 4347 925 4429 γενόμενον
947 4343 1030 4431 ἅγιον

326 4441 354 4500 2.
378 4439 481 4505 Marc.
511 4442 557 4517 16,
581 4441 610 4501 8.
635 4435 691 4521 (G.
717 4439 773 4509 56)
795 4442 908 4514 ταχέως

326 4526 354 4586 3.
378 4527 406 4589 2.
422 4525 495 4592 Ρ11.
519 4527 547 4603 2,
575 4527 621 4588 18.
648 4522 694 4601 (J.
723 4521 798 4605 131)
820 4517 1068 4608 1111ς(1111111)

195 4678 199 4685 ,
325 4616 353 4674 1.
379 4612 481 4677 Μ111.
508 4614 537 4690 6,
561 4613 611 4674 33.
636 4609 682 4693 (J.
708 4605 765 4692 75)
788 4607 964 4692 προσῆλθον
986 4607 1095 4694 (11111.
1118 4610 1253 4695 utEr.)
