3000 5024
59 254 85 311 1
428 254 622 311 ammonas
640 252 921 311 utzsvmmvsa.
1231 258 1290 324 131

57 426 153 493 Rom.
176 432 207 507 7,
230 429 259 493 2.
281 426 426 493 correxit
445 427 583 492 caeteris
599 425 746 493 modeste
767 426 915 494 servatis.
960 397 1100 496 Librum
1120 429 1210 495 buno
1231 451 1294 515 quo

55 512 167 579 minus
187 510 343 580 hocloco
371 512 614 598 negligeremus
634 513 707 596 ipsa
727 514 846 579 raritas
866 514 983 580 vetuit
1028 514 1138 597 Quem
1160 524 1195 582 et
1220 517 1294 583 Ms-

57 598 169 667 sobius
190 608 226 666 et
245 599 302 685 qni
325 606 403 667 ante
424 621 499 665 eum
521 600 724 684 seripserunt
740 621 854 667 omnes
875 600 1044 686 ignorasse
1066 601 1229 671 videntur.

197 792 274 855 ss·
314 791 449 851 usum
467 794 728 869 mecaenat
748 796 850 852 sucas
868 795 967 853 esras
1001 797 1091 858 rrae.
1126 796 1155 859 a.

143 908 363 1062 ψη
390 910 613 977 cettdiecram
639 911 838 992 septenarius
865 932 982 1012 graece
1010 933 1085 979 cnm
1106 933 1195 979 nova
1219 935 1295 981 ver-

58 997 154 1065 sione
208 996 281 1061 tina
299 1004 336 1063 et
355 994 488 1065 scholiis
508 996 536 1063 I.
557 996 683 1063 Bencd.
706 996 879 1081 Oarpaovir
899 1000 1092 1082 professoris
1111 999 1295 1086 theologdse

57 1080 346 1151 Helmstadionsis.
391 1083 516 1148 Textus
539 1082 778 1150 Elaevirianus.
823 1085 952 1152 Locum
976 1091 1002 1151 1.
1023 1086 1071 1153 Ic.
1103 1090 1132 1168 5,
1163 1091 1192 1151 7.
1220 1106 1295 1153 oum

59 1167 256 1236 Omoellaeo
277 1175 467 1253 suspectum
486 1168 586 1236 habet
606 1177 640 1236 et
661 1169 819 1237 cancellat
840 1171 969 1237 editor·

439 1431 454 1514 a
477 1432 506 1494 e.
550 1425 714 1493 sumre
734 1428 907 1495 runnu

270 1586 345 1649 86!
387 1587 685 1646 OXONIIetbeutro
702 1588 898 1647 ammiane
934 1588 1025 1653 1675.
1060 1589 1089 1651 8.

147 1703 281 1769 Tertius
357 1712 390 1772 st
415 1703 643 1771 Ourcollseum
673 1711 707 1770 et
737 1727 755 1770 ο
780 1706 844 1771 oris
871 1704 1044 1792 polyglotti
1073 1706 1295 1774 Londinensis

59 1790 203 1857 editores
223 1790 286 1856 fuit
325 1811 449 1856 oannes
470 1790 545 1856 Pell
566 1792 737 1875 episeopus
755 1727 964 1871 dlxoniensis
986 1792 1144 1858 eximium
1160 1793 1295 1881 Britan·
1398 1826 1403 1832 ·

59 1876 136 1942 nise
157 1896 218 1942 suo
239 1886 386 1960 tompore
408 1874 507 1943 decus
530 1884 565 1941 et
585 1877 767 1943 indefessus
787 1879 835 1942 rei
857 1877 1021 1942 literariae
1043 1887 1217 1961 promotor,
1240 1880 1297 1964 qui

59 1961 98 2028 N.
123 1963 162 2029 Τ.
191 1982 268 2028 oum
289 1963 405 2028 maiori
433 1970 466 2027 et
496 1963 606 2028 ditiori
637 1971 796 2047 apparatu
823 1964 936 2029 critico
964 1962 1127 2030 edendum
1156 1968 1293 2032 curavit

58 2048 130 2116 Nec
140 2068 229 2115 vana
250 2055 329 2114 sunt
343 2070 426 2132 qnae
440 2049 555 2116 titulus
567 2050 739 2134 promittit,
760 2050 961 2115 variantium
973 2049 1147 2116 lectionum
1162 2073 1204 2117 ex
1221 2052 1296 2136 plus

60 2142 195 2201 centnm
216 2132 381 2201 codicibus
403 2144 437 2201 et
458 2135 602 2219 antiquis
623 2136 829 2203 versionibus
846 2135 1055 2202 collectarum
1076 2139 1203 2222 copiam
1226 2161 1295 2204 om·

59 2220 158 2287 nibus
180 2242 264 2305 quae
285 2221 426 2287 antehac
454 2228 628 2306 congestae
649 2223 779 2288 aremus
801 2222 1054 2306 locupletiorem.
1098 2223 1217 2290 Editor
1234 2247 1296 2310 pro

61 2326 120 2374 sua
143 2306 304 2373 modestia
325 2327 447 2373 nomen
468 2308 557 2391 operi
577 2308 748 2392 operisque
770 2309 900 2375 landem
922 2309 1048 2375 nomini
1070 2331 1129 2376 suo
1152 2311 1295 2397 denega-

61 2393 115 2461 rit
164 2391 233 2460 Sed
253 2392 321 2459 iam
342 2412 402 2460 sua
422 2400 527 2459 aetate
549 2414 647 2477 qnam
669 2396 790 2460 meruit
811 2396 936 2477 aceepit
957 2403 991 2461 et
1009 2397 1132 2481 posteri
1149 2399 1296 2465 cumula·

62 2480 178 2546 dorem
201 2479 406 2545 addiderunt
439 2480 605 2546 Praefatio
627 2480 736 2547 brevis
758 2489 792 2546 et
811 2482 983 2548 luculente
999 2503 1120 2567 magna
1141 2505 1185 2550 ex
1201 2498 1295 2569 parte

62 2574 92 2631 et
112 2565 259 2632 laborem
283 2572 316 2630 et
342 2566 480 2651 gloriam
502 2566 620 2631 horum
648 2566 832 2633 studiorum
854 2569 1091 2650 antiquioribus
1119 2571 1235 2636 tribuit
1262 2579 1296 2637 et

63 2650 123 2719 boe
143 2652 213 2719 fere
233 2651 340 2719 solum
361 2651 481 2718 editori
501 2652 650 2718 vindicat
676 2660 716 2718 ut
737 2655 893 2719 scientiae
916 2652 1111 2739 dignitatem
1141 2664 1174 2722 et
1202 2665 1295 2724 aute·

63 2738 197 2804 ritatem
229 2746 346 2806 eontra
383 2737 589 2804 indoctorum
626 2739 852 2807 cavillationes
893 2739 1075 2807 defendisse
1114 2755 1295 2810 censeatur.

63 2822 189 2891 Fusius
210 2824 252 2890 de
272 2826 336 2891 hoo
357 2824 442 2891 libro
465 2831 604 2889 externa
631 2847 691 2890 sua
711 2826 816 2905 forma
837 2847 955 2911 parum
984 2829 1129 2910 specioso
1156 2836 1297 2914 egerunt

61 2909 112 2977 R..
126 2908 247 2977 Simon
267 2912 304 2976 in
324 2910 401 2976 hist
424 2911 494 2976 orit.
517 2910 558 2976 N.
581 2912 618 2976 'll
641 2932 667 2978 e.
693 2917 721 2990 9,
744 2913 1025 2998 Baumgartenius
1046 2915 1082 2979 in
1103 2915 1194 2981 Hall.
1207 2916 1294 2982 Bibl.

62 2993 123 3063 lv.
154 2998 227 3078 200,
248 2995 422 3064 Knochius
448 3019 480 3081 p.
510 3001 582 3077 449,
612 2997 782 3064 Masohius
807 3020 838 3082 p.
867 3002 928 3062 232
958 3008 992 3065 ot
1019 3002 1154 3066 omnino
1182 3023 1296 3067 omnes
1425 3030 1429 3036 ·

62 3083 117 3235 Ἐξ
135 3083 704 3254 Ἑπζῗίὶοὴῗξὲξίἓὲξιωᾳὸἳέἒὶἔὲξο]
721 3091 841 3254 νιξοαὸιέτ
861 3106 903 3150 ex
930 3086 1075 3169 professo
1101 3093 1294 3154 tractarunt.

149 3254 294 3321 Textnm
315 3254 443 3321 Fellius
465 3254 507 3321 ad
529 3276 625 3339 quem
646 3278 740 3322 suam
761 3258 962 3323 variantium
984 3257 1160 3324 lectionum
1182 3280 1296 3327 reeen-

61 3341 189 3409 sionem
210 3341 348 3409 referret
374 3341 516 3408 describi
535 3342 634 3408 iussit
653 3343 903 3410 Elaevirianum
925 3366 967 3410 ex
988 3343 1037 3410 ed.
1059 3345 1105 3411 Π.
1129 3351 1245 3426 (1633)
1275 3369 1296 3413 a

61 3447 125 3512 qno
143 3428 250 3495 tribus
270 3433 403 3494 tantum
423 3427 504 3495 locis
525 3426 661 3495 recedit:

278 3539 313 3598 φ.
339 3519 366 3577 1.
387 3515 484 3581 Rom,
509 3520 538 3596 7,
562 3520 590 3580 2.
614 3513 675 3579 a’rtd
696 3517 749 3577 sori
769 3514 862 3597 νόμον
882 3541 907 3580 r.
930 3515 959 3582 ἄ.
982 3517 1021 3600 (ε.
1046 3520 1079 3597 2)

335 3603 365 3666 2.
387 3602 469 3667 Luc.
496 3606 544 3681 10,
568 3602 617 3667 22.
641 3599 713 3666 add.
737 3600 833 3686 gloss.
857 3603 916 3681 (Ε)
939 3602 1055 3688 Steph.

335 3693 364 3753 3.
387 3686 528 3754 Philem.
553 3692 582 3754 7.
603 3687 694 3774 χάριν
716 3688 763 3773 (J.
788 3692 864 3767 217)
887 3687 1002 3774 Steph.

59 3934 62 3939 .
187 3878 239 3943 aa.
282 3880 524 3939 munimem
545 3883 711 3954 sospena
726 3882 965 3955 sesamae.
1000 3883 1092 3946 roes.
1127 3882 1175 3945 24.
1225 3895 1226 3898 κ

58 4018 61 4023 ·
146 3997 273 4065 ll'extus
295 4019 337 4063 ex
357 3996 507 4064 Felliana
528 3999 600 4064 sine
621 4000 804 4067 mutatione
822 3999 1012 4085 descriptus
1046 4001 1150 4067 Plura
1171 4001 1211 4068 de
1233 4003 1295 4070 hac

56 4090 92 4150 et
112 4082 197 4152 satis
218 4084 401 4171 esculano
423 4083 572 4152 dedimus
595 4106 694 4169 supra
715 4090 730 4172 §
755 4092 771 4150 3
795 4088 836 4153 N.
861 4091 900 4151 46
923 4088 1091 4154 occasione
1112 4089 1196 4155 alius
1226 4088 1294 4156 edi-

56 4170 161 4238 tionis
182 4166 466 4259 Smytegeltianae
487 4171 634 4237 eiusdem
652 4175 740 4239 anni.
786 4175 920 4240 Abeunt
940 4174 1117 4242 variantes.

234 4362 310 4429 88.*
351 4364 584 4425 LUNEBURGI
605 4369 709 4442 epla.
728 4368 910 4443 campus.
945 4369 1036 4430 1691.
1072 4364 1120 4428 12.

217 4516 220 4521 .
350 4452 506 4512 malas
523 4456 803 4528 op.Io.Hes'aicben.
838 4454 928 4517 1691.
965 4453 1013 4517 lt.

143 4567 319 4635 Praefatus
340 4575 393 4636 est
413 4569 563 4637 Adamus
584 4570 802 4655 Rechenbcrg
822 4572 986 4655 professor
1007 4570 1191 4659 theologiae
1212 4572 1294 4657 Lip-

51 4654 178 4725 siensis
209 4654 266 4741 qui
297 4675 367 4723 non
394 4655 435 4723 ds
461 4662 556 4724 textn
582 4657 786 4725 emendando
815 4655 875 4726 sed
903 4657 945 4726 de
970 4656 1086 4726 libello
1109 4659 1308 4727 manaseds

1066 4754 1107 4816 §U
