3000 5024
101 249 138 309 w
400 232 1035 307 immensitatem-sesemen.
1294 251 1334 314 73

98 420 191 492 Heli.
215 419 303 491 Bibl.
324 421 386 491 IV.
413 426 483 503 134,
503 420 692 491 Masohium
713 441 743 504 p.
769 424 840 500 308,
863 419 1036 487 Eiehornii
1056 419 1183 488 Introd.
1195 420 1237 488 V.
1262 425 1333 490 175.

99 509 254 578 Primum
283 509 360 577 olim
386 509 613 578 Basileensem
646 508 768 577 librum
801 529 929 575 meeum
957 507 1260 576 communicaverat
1285 508 1333 576 Io.

101 596 194 664 Guil.
213 597 323 664 Baum
340 596 464 683 collega
482 596 706 675 amioissimus‚
726 595 904 662 Turieense
923 595 1192 662 examinatorem
1211 596 1334 678 Turioi,

100 705 192 751 nuno
213 683 285 767 ipse
306 683 455 769 possideo
477 703 599 750 omnes.

189 768 347 837 Oontinet
366 771 475 838 Bonae
496 771 680 838 versionem
710 766 849 833 latinam
872 773 906 833 et
927 765 1168 847 adnotationes,
1198 767 1335 852 ideoque

101 878 123 922 a
142 856 313 922 nonnullis
332 857 438 940 prima
460 857 558 923 editio
580 856 617 921 in
634 854 937 921 serieBezonarum
957 860 1098 921 voeatur.
1134 853 1227 935 Quae
1246 863 1335 922 eorte

100 942 186 1010 mihi
207 963 368 1009 essenon
389 950 495 1028 potest
516 947 648 1008 textum
670 961 824 1025 graecum
846 939 952 1006 solum
982 939 1170 1023 respitienti
1198 942 1254 1025 qui
1281 941 1335 1008 hie

100 1050 123 1096 a
138 1030 274 1096 Besano
294 1028 392 1113 plene
410 1029 537 1096 alienus
558 1036 592 1094 et
610 1049 630 1093 a
649 1027 854 1112 typographo
873 1024 913 1092 de
930 1028 1062 1110 propria
1078 1026 1242 1092 industria
1258 1047 1335 1094 ver-

100 1116 189 1183 sioni
210 1114 342 1182 additus
364 1122 422 1183 est.
467 1115 520 1182 De
541 1114 645 1199 ipsius
667 1118 779 1179 autem
805 1118 916 1179 textus
943 1114 1033 1179 fonte
1062 1111 1187 1179 diutius
1215 1133 1335 1200 anoeps

99 1201 203 1268 haesi.
247 1201 324 1267 Non
344 1211 492 1287 poteram
513 1202 644 1285 quidem
671 1220 739 1264 non
761 1198 925 1265 adsentire
953 1200 1033 1266 viris
1063 1199 1167 1265 doetis
1190 1197 1332 1283 Stepha-

99 1289 214 1356 nioum
235 1287 290 1354 hio
312 1288 572 1373 agnoscentibus,
600 1285 657 1352 sed
680 1307 743 1369 quo
766 1292 878 1350 autore
907 1285 1013 1350 editor
1039 1283 1129 1349 huno
1157 1286 1335 1353 mutaverit

99 1395 169 1441 non
187 1395 290 1458 aeque
311 1374 405 1441 faoile
432 1373 519 1441 diotu
549 1381 608 1440 est.
652 1371 908 1453 Quatuordeoim
935 1372 1091 1438 leetiones
1113 1369 1332 1455 Stephanieae

99 1460 219 1527 tertiae
245 1460 369 1528 delevit
396 1482 456 1543 pro
483 1459 600 1546 quibus
627 1457 735 1526 deoies
764 1457 846 1523 tales
879 1457 1086 1541 recipiuntur
1118 1478 1199 1539 quas
1233 1480 1335 1542 supra

99 1546 251 1614 diversae
272 1547 408 1631 originis
430 1568 501 1614 esse
523 1546 736 1632 eognovimus
758 1542 816 1609 sed
838 1565 952 1609 omnes
973 1545 1040 1610 iam
1057 1544 1093 1609 in
1111 1546 1244 1610 unieam
1265 1545 1334 1611 edi·

98 1632 226 1699 tionem
246 1633 540 1719 Brylingerianam
561 1631 830 1717 grseoo-latinam
853 1650 880 1694 a.
908 1634 987 1693 1553
1011 1636 1069 1695 aut
1094 1633 1173 1692 1556
1196 1630 1332 1709 delatas,

99 1739 144 1784 ex
171 1739 237 1802 qun
261 1718 366 1803 igitur
390 1720 427 1784 in
453 1726 602 1785 nostram
630 1719 767 1783 fluxisse
795 1714 959 1799 putandae
988 1730 1075 1782 sunt.
1129 1716 1215 1782 Eeoe
1242 1716 1333 1781 illas:

98 1803 223 1872 11551.
253 1807 303 1883 54,
330 1810 377 1870 15.
399 1804 469 1892 (W.
495 1808 565 1890 31);
595 1806 675 1871 Lus.
704 1809 751 1883 11,
776 1805 825 1866 aa.
850 1801 922 1878 (W.
946 1803 1016 1886 32);
1050 1801 1098 1866 10.
1126 1806 1175 1881 18,
1198 1805 1247 1866 ao.
1273 1802 1334 1885 (Μ.

101 1893 201 1971 257);
232 1891 279 1956 Ιο.
311 1893 368 1970 20,
400 1895 447 1957 12.
482 1893 534 1969 (P.
565 1892 657 1970 269);
694 1897 720 1954 1.
750 1887 824 1954 Cor.
858 1891 911 1966 15,
942 1892 990 1952 33.
1026 1893 1155 1961 (eontra
1176 1887 1232 1953 W.
1264 1890 1334 1968 23);

100 1978 131 2042 3.
155 1975 230 2043 Oen.
254 1982 284 2056 9,
308 1980 336 2042 8.
360 1976 416 2059 (Q.
442 1979 532 2057 196);
557 1981 585 2042 1.
605 1975 678 2043 Gor.
703 1981 749 2053 11,
772 1978 820 2038 10.
846 1980 976 2051 (eontra
992 1973 1049 2038 W.
1071 1978 1140 2053 10);
1164 1972 1233 2040 001.
1258 1977 1333 2051 1,1.

100 2064 146 2146 (β,
174 2064 241 2142 m:
268 2067 294 2127 1.
318 2063 401 2128 Tim.
429 2070 456 2143 1,
480 2069 507 2128 4.
533 2064 593 2140 (M.
619 2064 712 2141 258);
740 2067 764 2124 l.
790 2058 873 2124 Tim.
899 2061 1068 2142 5,11.(β.
1096 2057 1158 2144 13).
1189 2094 1229 2106 -
1253 2060 1335 2126 Tres

99 2148 186 2215 51155
206 2148 328 2231 absque
350 2149 440 2215 omni
461 2149 559 2215 dubio
582 2170 623 2214 ex
645 2147 840 2214 auotoritate
862 2145 965 2229 ipsius
988 2146 1113 2224 Bonae,
1142 2166 1260 2229 nempe
1289 2147 1336 2213 ita

99 2233 314 2302 suadentibus
335 2235 407 2302 eius
428 2235 700 2311 adnotationibus,
724 2237 872 2297 mutatae
894 2238 987 2297 sunt:

310 2326 337 2387 1.
361 2321 408 2388 Io.
434 2326 462 2402 8,
485 2325 534 2388 59.
559 2321 614 2399 (U.
642 2324 695 2397 10)
718 2338 780 2384 om.
804 2339 830 2384 e.
854 2318 947 2402 Bryl.
970 2318 1090 2400 antiqq.

310 2409 338 2472 2.
362 2408 435 2474 Aet.
461 2413 490 2489 9,
513 2412 563 2472 35.
587 2408 668 2492 (Bd)
691 2403 740 2468 τὸν
760 2396 888 2489 Σάρωνα

309 2497 336 2559 3.
361 2492 435 2561 Gal.
462 2497 491 2573 4,
518 2499 564 2560 17.
590 2495 682 2570 (423)
704 2495 854 2554 ἐκκλεῖσαι
874 2487 961 2571 ἡμᾶς.

186 2584 306 2652 Restat
337 2601 405 2646 una
437 2581 499 2664 Ap.
531 2585 565 2660 1,
596 2587 624 2645 9.
655 2579 706 2655 (Τ.
741 2581 816 2652 330)
849 2574 905 2642 ubi
933 2582 1028 2642 vetus
1055 2575 1188 2643 Erasmi
1214 2575 1336 2644 laeuna

97 2667 209 2737 denuo
231 2672 375 2752 apparet,
400 2664 441 2733 de
463 2687 527 2749 qna
549 2664 628 2749 quid
649 2665 757 2732 dioam
776 2683 845 2727 non
867 2662 979 2727 habeo.
