3000 5024
66 256 91 317 x
113 263 116 267 '
435 252 933 310 66610166111111611111.
1237 258 1298 321 117

65 428 201 516 regione
221 427 331 495 Beroe
352 427 465 496 latino.
509 426 621 494 Editio
649 426 806 513 bilinguis
827 431 997 509 praeterea
1026 427 1129 494 habet
1154 428 1190 493 in
1217 447 1302 494 mar-

65 517 143 603 gine
172 514 339 582 exteriore
364 515 512 583 locorum
538 513 771 598 parallelorum
797 520 900 579 notas.
945 514 1070 580 161166
1099 514 1231 581 videtur
1258 537 1302 581 ex

64 602 114 670 ed
127 600 291 687 wigurna
306 605 382 665 1671
407 601 529 686 petitus
550 602 642 667 cuius
663 599 819 665 lectiones
842 598 1022 682 peculiares
1040 608 1162 679 servat,
1185 608 1301 685 quater

64 695 199 755 tantum
225 688 386 771 scriptura
414 693 541 752 mutata
570 687 680 771 (Rom.
712 688 746 764 2,
778 691 824 750 17.
855 694 889 750 61
918 691 946 765 7,
976 689 1005 749 1.
1038 687 1175 771 corrigit
1202 687 1300 769 vitie3

65 774 195 842 1.(161.
222 780 271 855 11,
298 777 346 839 10.
369 795 444 841 cum
467 770 582 857 Steph.
605 773 682 849 Wl3
711 779 745 835 et
766 771 869 837 Hebr.
905 777 951 851 10,
976 772 1300 840 11161661611616-

65 882 136 928 rem
159 865 195 927 et
215 859 388 926 meliorem
409 864 524 927 contra
545 858 633 943 vulg.
657 856 726 942 X1).

286 1063 361 1129 aa·
404 1069 883 1144 66666666161616.
916 1066 1084 1127 161611.

152 1203 344 1271 Editionem
375 1203 658 1289 graeco-latinam
691 1202 871 1286 archetypo
906 1201 1075 1286 vulgatam
1116 1204 1300 1271 versionem

66 1293 262 1376 iungentem
291 1312 312 1355 a
339 1290 406 1356 solo
433 1290 562 1375 Longis
593 1296 808 1354 memoratam
841 1286 898 1352 diu
930 1289 1053 1353 frustra
1075 1290 1234 1373 quaesivi,
1269 1298 1302 1357 61

65 1398 168 1462 quum
189 1377 227 1440 in
248 1376 339 1442 nulla
361 1374 558 1442 bibliotheca
579 1375 707 1457 publica
728 1374 763 1439 in
787 1375 857 1457 ipsa
876 1373 987 1440 Gallia
1008 1377 1135 1441 servari
1152 1376 1301 1443 viderem

65 1465 131 1530 iam
160 1483 199 1527 re
222 1459 395 1545 desperata
420 1462 507 1527 inter
534 1460 650 1526 dubias
679 1459 867 1540 retuleram,
896 1482 998 1543 quum
1021 1461 1155 1526 tandem
1177 1464 1301 1530 amicus

65 1548 184 1632 aliquis
206 1548 366 1632 Lugduni
386 1548 422 1612 in
442 1547 591 1613 libellum
612 1547 729 1613 incidit
749 1567 920 1629 meamque
942 1547 1042 1613 misso
1072 1548 1132 1614 hoc
1155 1554 1301 1638 κειμηλίφ

65 1633 305 1788 pnplpllfffilem
317 1634 553 1784 pplmanpssime
565 1633 692 1781 ‹gta'pit
714 1633 832 1780 ²Cuiusa
843 1633 961 1785 ttitulpp
978 1632 1037 1733 hie·
1051 1640 1113 1784 etset:
1132 1635 1302 1785 Eptisttolae

85 1773 93 1788 .
206 1743 218 1784 1
280 1741 385 1785 666.
458 1743 548 1783 troo
601 1741 875 1782 αυουεπιστοα.
950 1740 1007 1783 um
1028 1741 1063 1784 1n
1098 1743 1281 1786 116616

65 1741 452 1874 66661611661116166616
474 1805 692 1871 diffieilierum
714 1804 828 1870 ordine
856 1805 1061 1890 alphabetico
1088 1743 1301 1890 dilgestardmd

65 1892 226 1978 Lugduni
257 1913 307 1976 ap.
339 1892 421 1958 Ant.
451 1892 566 1957 Molin.
610 1890 875 1958 MDOLXXIV.
921 1891 1007 1957 Oum
1034 1894 1206 1975 permissu.
1257 1894 1300 1959 In

65 1981 131 2046 fine
153 1978 243 2044 idem
264 2000 372 2044 annus
389 1984 523 2044 notatur
540 1999 615 2043 cum
632 1978 764 2043 nominc
781 1978 981 2063 typographi
997 1979 1093 2043 Petri
1112 1979 1297 2046 Guillimin.

64 2065 120 2131 1111
140 2064 268 2150 quibus,
291 2071 404 2129 utrum
426 2070 573 2131 caeterae
600 2064 641 2129 N.
664 2065 701 2128 Τ.
731 2071 841 2146 partes
869 2085 1016 2148 unquam
1043 2063 1210 2130 adfuerint
1238 2088 1299 2134 nec

64 2173 122 2232 ne,
154 2151 292 2216 minime
322 2150 538 2216 efficiendum.
582 2149 660 2232 Ipse
683 2156 777 2216 vetus
799 2148 1081 2234 bibliopegus'qui
1102 2173 1213 2217 meum
1241 2173 1299 2217 ex-

64 2238 193 2321 emplar
213 2236 293 2301 olim
313 2235 433 2320 ligavit
460 2237 707 2319 inscriptionem
728 2235 907 2303 voluminis
936 2237 1021 2302 hane
1049 2236 1141 2303 iecit:
1173 2238 1298 2322 Epislo.

64 2323 145 2390 beuti
170 2322 272 2388 Pauli
297 2323 385 2408 clare
412 2324 458 2389 sic
481 2322 656 2389 ostendens
677 2344 713 2387 66
733 2321 863 2386 nullum
892 2321 983 2386 aliud
1011 2321 1124 2388 eedem
1152 2331 1299 2408 tempore

63 2410 220 2477 manibus
241 2415 407 2474 tractasse.
451 2409 525 2474 Iam
554 2416 588 2474 et
617 2408 770 2492 epistolas
799 2408 976 2474 catholicas
1000 2431 1075 2474 cum
1097 2410 1298 2496 Apocalypsi

62 2496 232 2581 integrum
244 2495 397 2562 volumen
419 2495 566 2561 effecisse
585 2495 643 2559 vix
664 2493 857 2560 crediderim
880 2502 913 2559 et
931 2515 1049 2561 vocum
1067 2495 1297 2577 difficiliorem,

61 2581 96 2648 id
112 2588 167 2649 661
182 2581 365 2647 formarum
383 2581 589 2665 quarundam
607 2580 790 2647 verbalium
808 2582 1057 2664 grammaticam
1075 2580 1298 2649 definitionem

62 2666 155 2822 gron,
177 2674 217 2733 ut
237 2667 409 2734 Maschius
430 2669 615 2750 suspicatus
636 2674 721 2746 erat,
752 2667 956 2750 exegeticam
978 2668 1232 2735 declarationem
1255 2692 1296 2735 ex

87 2753 228 2838 tephani
247 2753 388 2820 iunioris
409 2755 559 2837 margine
581 2752 803 2838 desumptam)
832 2774 891 2818 cur
912 2752 1017 2818 editor
1039 2754 1177 2838 singulis
1198 2757 1297 2823 tomis

61 2838 291 2907 subiunxisaet
321 2861 387 2904 non
418 2840 501 2905 bene
533 2859 697 2922 assequor.
753 2838 863 2923 Igitur
891 2840 971 2904 dum
997 2840 1133 2905 meliora
1161 2841 1298 2908 edocear

60 2926 215 3010 equidem
235 2926 346 3010 potius
373 2924 616 2991 aestimaverim
644 2947 753 2990 meum
782 2926 952 3008 exemplar
979 2927 1144 3009 integrum
1171 2950 1241 2993 6666
1263 2936 1297 2994 61

60 3013 230 3098 Longium
252 3033 294 3078 ex
315 3013 503 3078 coniectura
523 3018 629 3077 tomos
651 3009 732 3078 duos
755 3020 951 3095 supputasse
973 3019 1007 3076 61
1028 3033 1155 3077 annum
1177 3016 1295 3096 prioris

64 3102 145 3163 1673
168 3098 293 3178 iecisse,
316 3098 370 3164 vel
392 3099 491 3163 etiam
512 3118 629 3165 revera
653 3097 734 3163 dues
752 3099 863 3176 fuisse,
887 3098 1133 3182 evangeliorum
1152 3100 1293 3164 alterum

59 3206 88 3250 a
114 3188 209 3265 1673,
232 3184 372 3249 alterum
393 3184 604 3269 epistolarum
627 3191 788 3264 nostrum,
810 3182 868 3250 sed
890 3185 1024 3249 tertium
1044 3185 1143 3249 etiam
1164 3187 1293 3269 Longio

59 3290 128 3336 non
161 3271 354 3336 innotuisse.
408 3271 534 3336 1611166
567 3290 703 3356 graccus
734 3271 962 3336 Elsevirianus
995 3279 1045 3336 661
1076 3292 1117 3336 ex
1150 3270 1293 3338 editione

58 3356 172 3441 aliqua
197 3357 393 3436 recentiore,
426 3377 494 3422 uno
521 3357 590 3422 loco
618 3362 744 3422 mutate
771 3358 818 3441 (J.
844 3355 917 3441 168)
947 3358 1032 3440 liph.
1065 3362 1093 3437 6,
1123 3362 1151 3422 7.
1182 3356 1222 3432 ὦς
1249 3360 1294 3446 τῷ

58 3451 157 3530 κυρίῳ
177 3441 265 3527 quod
284 3444 351 3509 iam
372 3449 471 3509 antea
491 3443 529 3508 in
550 3441 727 3509 nonnullos
747 3444 897 3509 Benanos
918 3443 1020 3510 libros
1042 3443 1231 3526 irrepserat.

326 3646 399 3711 30!
441 3652 573 3711 ABOAE
591 3671 647 3711 aco.
666 3656 706 3709 Ie.
732 3655 844 3711 Winter.
875 3653 964 3710 1688.
996 3653 1023 3712 8.

144 3786 189 3852 16
198 3807 295 3852 66616
306 3786 449 3853 11161616
463 3786 640 3853 editionem
652 3786 779 3853 curavit
790 3787 1013 3869 grammaticis
1031 3787 1149 3853 studiis
1161 3788 1292 3855 adcom-

57 3872 229 3939 modatam
249 3872 297 3939 Io.
316 3873 471 3940 Genelius
493 3874 664 3958 episcopus
682 3872 843 3938 Aboensis
864 3872 900 3937 in
918 3873 1104 3954 Finlandia,
1127 3874 1293 3941 Lorekius

57 3958 134 4027 BG.
157 3958 205 4024 Π.
229 3962 290 4024 569
312 3960 417 4026 166166
439 3959 602 4026 describit.
637 3960 762 4024 'Partus
784 3981 825 4024 ex
847 3959 954 4042 prima
975 3960 1202 4026 Eizevirorum
1224 3960 1292 4026 edi-

57 4047 149 4113 tione
170 4042 355 4129 deseriptns
376 4046 521 4130 quinque
542 4046 620 4111 locis
642 4044 1293 4129 61111666111618166166166616111616

57 4131 198 4199 1661666
219 4131 267 4217 (J.
295 4134 364 4196 116.
390 4135 459 4197 150.
483 4133 521 4197 P.
546 4135 616 4196 111.
638 4131 679 4197 U.
706 4135 733 4197 6.
756 4131 812 4195 w.
838 4132 903 4216 34).

159 4334 234 4400 31!
275 4339 564 4400 AMSTELODAMI
581 4345 732 4417 6666111166
751 4344 986 4415 Hapuctonomm.
1019 4342 1109 4400 1699.
1134 4345 1185 4411 fel.

215 4421 234 4453 ⁴*
275 4426 563 4485 AMSTELODAMI
580 4431 731 4503 66661166
749 4432 985 4501 Humanarum.
1019 4429 1109 4486 1700.
1134 4432 1185 4497 fol.

146 4560 280 4628 uitulus
301 4566 368 4627 est:
412 4560 597 4628 Harmonia
619 4561 811 4646 evangelica
839 4563 892 4628 661
914 4562 1060 4630 subiecta
1082 4568 1133 4627 est
1154 4561 1293 4628 historia

57 4648 189 4717 christi
206 4666 249 4715 ex
260 4652 402 4733 quatuor
418 4648 598 4735 evangeliis
617 4649 812 4715 concinnata
829 4656 924 4720 66611.
949 4648 1250 4720 conteremini
1291 4699 1300 4719 ,
