3030 5024
138 213 201 278 aas
641 184 875 269 6111111111.

138 383 245 467 credo,
267 403 384 455 verum
401 381 594 469 simpliciter
611 383 828 470 stereotypiee
848 403 1008 466 recusam,
1020 381 1106 469 quod
1127 381 1163 449 in
1179 379 1306 449 ameria

135 469 231 540 libris
251 471 381 560 saepius
401 469 605 540 observatur.

311 683 359 744 19.
382 679 537 741 LIPSIAE
560 689 665 741 amau
681 683 750 750 fecit
767 684 793 740 1.
811 682 846 739 F.
863 682 1033 741 rimasset.
1055 680 1144 741 1835.
1168 681 1195 744 8.

223 813 396 882 Coronidis
407 815 477 882 loco
486 815 743 882 Tittmannianis
758 815 851 896 addo,
863 816 925 882 etsi
939 817 1023 881 forte
1036 815 1217 881 omittenda
1231 822 1304 881 erat

136 901 280 968 instituti
297 902 362 968 mei
380 902 516 983 ratione,
535 902 648 968 Vitam
668 901 745 969 Iesu
762 902 889 968 Christi
911 910 1030 988 graece
1045 924 1087 969 ex
1109 907 1248 986 quatuor
1269 924 1306 970 61

136 988 232 1140 lehis
254 987 436 1056 secundum
457 989 615 1073 temporis
636 989 797 1055 rationem
820 987 981 1074 digestam
1004 1011 1024 1055 6
1046 988 1120 1054 061.
1134 988 1232 1055 01166.
1256 988 1306 1054 Κ1

149 1096 205 1142 616
237 1076 418 1159 professore
445 1075 622 1160 Lipsiensi.
674 1075 717 1141 In
751 1075 813 1141 hcc
841 1075 965 1143 seilicet
998 1076 1080 1142 libro
1114 1075 1306 1143 uniuscuius

135 1162 308 1247 pericopae
329 1167 440 1228 textus
461 1163 561 1229 semel
580 1167 710 1228 tantum
730 1183 773 1226 ex
793 1183 860 1230 1116
882 1162 1084 1247 evangelista
1101 1163 1181 1229 satis
1199 1163 1306 1229 arbitr.

140 1247 258 1314 selecto
287 1247 499 1329 exscribitur,
533 1247 687 1316 subiectis
719 1255 921 1316 caeterorum
953 1248 1134 1333 potioribus
1157 1248 1306 1318 varianti

136 1334 323 1402 Itafactum
345 1341 395 1400 666
416 1341 455 1399 16
472 1335 594 1400 11111116
616 1335 741 1401 6166116
758 1334 849 1416 liber,
871 1358 914 1401 ne
923 1335 1059 1401 Ioannis
1077 1335 1220 1420 quidem,
1243 1337 1306 1401 ints

136 1420 172 1485 in
194 1420 281 1488 hanc
298 1420 374 1486 Viri
392 1420 477 1488 docti
494 1422 719 1488 recensionem
740 1422 916 1491 transierit.
949 1422 1140 1491 Lectionem
1162 1443 1250 1503 1616,
1274 1445 1306 1507 qi

136 1506 191 1573 hic
213 1507 316 1574 61116111
337 1507 539 1592 respicimus,
563 1507 753 1592 simpliciter
775 1507 1059 1589 Tittmannianam
1080 1509 1234 1576 servavit.

513 1765 529 1849 1
552 1770 580 1833 a
623 1717 995 1834 sermocinarer

304 1976 377 2038 20.*
419 1976 538 2036 HALIS
558 1978 624 2034 Suu.
642 1979 812 2035 6611116616
828 1978 1031 2036 0616166666.
1053 1976 1142 2037 1834.
1166 1980 1195 2041 8.

225 2113 369 2178 'Pextum
396 2110 605 2179 Griesbaehii
638 2116 672 2176 et
700 2109 848 2195 Knappii
875 2109 983 2178 denuo
1011 2112 1216 2198 recognovit,
1245 2113 1306 2181 del«

137 2199 341 2266 variantium
357 2197 538 2265 lectionum
559 2198 756 2264 testimoniis
777 2199 1055 2278 confirmatarum,
1077 2198 1306 2266 adnotatione

139 2286 253 2352 critica
274 2293 347 2351 tum
386 2285 553 2370 exegetica
591 2291 625 2348 66
664 2282 827 2350 indicibus
859 2284 962 2350 variis
994 2285 1153 2352 instruxit
1186 2285 1304 2354 1606

16 2426 19 2431 .
139 2371 245 2438 Vater
275 2371 448 2455 theologus
480 2370 646 2449 Halensis,
680 2370 848 2436 volumine
888 2372 969 2436 66616
1007 2371 1124 2456 grandi
1164 2393 1230 2437 non
1263 2380 1306 2439 tar

137 2456 272 2522 modum
304 2456 381 2523 libri
409 2455 573 2522 manualis
605 2455 792 2535 excedente,
826 2457 926 2522 etiam
965 2456 1006 2522 ab
1046 2478 1145 2543 opera
1174 2466 1306 2546 typcgu

137 2541 309 2609 laudando.

131 2674 133 2687 .
225 2628 323 2710 Quod
344 2628 386 2693 ad
407 2634 520 2694 textus
538 2629 795 2712 recognitionem
815 2629 943 2708 attinet,
967 2650 1005 2695 ea
1023 2629 1128 2713 quoad
1147 2630 1306 2698 formamt

136 2716 212 2800 pius
234 2713 396 2782 etiamad
419 2714 558 2781 uncinos
580 2715 727 2800 confugit
747 2736 846 2798 quam
867 2714 902 2781 id
925 2715 966 2782 ab
987 2716 1060 2801 ipso
1076 2717 1231 2802 Knappio
1254 2719 1306 2787 166

138 2801 290 2881 vidimus,
313 2798 420 2885 quoad
445 2801 622 2868 lectionum
650 2800 812 2867 delectum
841 2802 947 2867 multo
975 2803 1110 2886 propius
1138 2802 1180 2869 ad
1201 2804 1306 2890 vulga

138 2891 335 2973 scripturam
364 2887 495 2954 accedit.
550 2890 582 2954 A
608 2888 764 2972 Knappio
795 2889 837 2953 ad
865 2888 1118 2956 Griesbachium
1154 2890 1258 2956 semel
1290 2893 1306 2958 l:

138 2976 295 3043 transisse
321 2971 415 3041 video
438 2974 493 3059 (Λ.
510 2973 552 3061 7),
581 2973 802 3041 adElaeuiros
824 2974 1049 3061 quinquagies,
1073 2975 1270 3062 glossemata
1291 3001 1306 3063 q

139 3063 194 3132 161
215 3062 286 3147 ipse
308 3061 484 3146 Knappius
512 3059 677 3127 deleverat
706 3062 855 3145 sexagies
877 3069 910 3126 et
935 3063 1055 3146 septies
1079 3062 1213 3142 reducit,
1250 3066 1306 3130 sim

138 3150 219 3217 citer
240 3149 367 3214 inclusa
390 3151 440 3226 38,
464 3146 637 3231 dupliciter
666 3152 716 3212 39.
761 3147 871 3214 Uncus
900 3148 987 3231 ipsos
1016 3170 1058 3215 ex
1086 3149 1269 3234 duplicibus
1297 3175 1306 3218 1

137 3235 239 3319 plices
261 3235 339 3299 facit
360 3243 394 3300 et
422 3234 469 3300 sic
494 3233 668 3300 lectionem
695 3235 874 3300 firmiorem
905 3233 1049 3301 declarat
1070 3237 1180 3301 tricies
1203 3242 1236 3302 66
1259 3261 1306 3305 661

138 3321 354 3405 quinquagies
386 3320 480 3385 uncis
508 3321 613 3386 utitur
645 3318 701 3385 ubi
729 3320 904 3404 Knappius
927 3320 1180 3389 Griesbachium
1213 3323 1306 3408 gloss

138 3404 270 3490 aliquod
292 3404 455 3471 delentem
485 3406 681 3472 deseruerat.
726 3405 904 3472 0666611111
926 3408 1003 3475 unci
1024 3409 1196 3475 Vateriani
1217 3410 1287 3476 iam

139 3491 285 3576 duplices
314 3498 392 3558 sunt
422 3491 478 3557 ubi
511 3493 686 3560 lectionem
719 3499 902 3577 suspectam
930 3493 1107 3560 includunt
1134 3495 1192 3560 sed
1219 3498 1306 3582 tripli

138 3579 271 3646 vocibus
304 3578 411 3644 dubiis
444 3580 541 3642 etiam
576 3601 717 3663 superne
745 3579 862 3644 lineola
893 3581 1088 3648 cancellatis.
1139 3581 1233 3648 Haec
1267 3606 1306 3649 on

140 3665 311 3750 sigillatim
350 3685 519 3731 recensere
552 3687 839 3749 supervacaneum.
897 3667 983 3733 Rem
1014 3690 1107 3734 suam
1138 3676 1293 3736 nostrum

81 3818 84 3823 ,
138 3751 208 3820 vito
228 3755 335 3816 marte
365 3751 469 3834 egisse
494 3751 707 3833 plurimorum
729 3753 837 3834 opinio
860 3760 918 3817 est.
963 3754 1014 3818 uu
1036 3760 1195 3837 quantum
1217 3758 1248 3822 ei
1272 3780 1306 3824 cr

138 3835 251 3905 iudicii
276 3836 489 3902 tribuendum
518 3837 561 3904 sit
588 3858 630 3904 ex
658 3838 700 3903 iis
726 3838 927 3904 intellexeris
956 3860 1039 3923 quae
1066 3863 1154 3909 11616
1175 3844 1285 3928 prima

140 3924 246 3993 textui
268 3924 408 3989 inseruit
430 3944 449 3988 a
471 3924 539 3990 suis
561 3922 704 3991 fontibus
725 3923 843 3991 aliena:

276 4015 302 4074 l.
327 4009 447 4076 Matth.
472 4015 500 4089 9,
527 4015 574 4075 18.
599 4012 644 4091 (J.
672 4015 747 4087 194)
770 4009 870 4095 ἄρχων
891 4011 1092 4079 εἰσελθώνΤ

271 4098 299 4161 3.
322 4096 395 4162 Α66.
423 4100 470 4176 10,
495 4099 544 4162 33.
569 4098 619 4174 (Ζ.
646 4101 700 4175 13)
725 4095 755 4183 [ὁ
774 4097 899 4186 Πέτρος]
923 4120 985 4165 om.
1009 4098 1138 4174 ἀναστάς

271 4188 299 4247 3.
321 4183 395 4249 Act.
423 4187 470 4262 13,
496 4187 545 4246 33.
570 4182 626 4268 (Q.
650 4185 726 4270 304)
751 4181 789 4270 [τ.
810 4183 936 4272 δευτέρῳ

272 4273 299 4333 4.
324 4269 397 4334 Aa.
424 4273 470 4346 15,
497 4272 545 4335 16.
569 4269 615 4346 (J.
640 4275 689 4335 66.
713 4269 750 4336 Ξ.
777 4276 829 4350 16)
854 4269 931 4357 [tot.

270 4359 298 4420 5.
321 4355 395 4421 Act.
419 4355 468 4435 30,
493 4357 542 4419 38.
567 4355 621 4440 (Β.
647 4354 702 4443 37)
723 4357 772 4421 161
792 4366 892 4444 nuptos
929 4357 1092 4446 66191611]

275 4443 303 4506 6.
327 4441 427 4526 Apcc.
454 4443 482 4523 6,
509 4447 521 4502 1
549 4463 589 4508 66.
613 4442 659 4521 (J.
686 4449 760 4524 141)
781 4450 832 4510 661
856 4442 921 4533 [καὶ
942 4440 1035 4533 atta]

273 4531 301 4591 t.
326 4527 427 4610 Apoo.
454 4532 502 4608 10,
526 4533 554 4593 4.
578 4527 648 4608 (W.
673 4532 729 4610 37)
749 4528 790 4611 μή
813 4528 892 4618 [μοι]
916 4556 939 4598 τ.
962 4554 1008 4617 γρ.

275 4616 304 4675 8.
326 4614 427 4698 Apoc.
455 4617 502 4695 13,
528 4615 576 4680 13.
600 4615 646 4694 (J.
672 4619 746 4702 180)
767 4614 835 4681 6161
858 4614 933 4704 [τοῖς
955 4615 1035 4705 κατ.)
1058 4619 1094 4704 τῇ
1109 4625 1148 4706 γῇ
