3000 5024
197 250 261 314 274
705 244 822 304 CAPUT
839 245 937 306 XXVI.

199 429 271 488 eam
304 418 485 514 inciderim,
516 418 551 486 id
584 417 667 501 mibi
699 417 836 511 dubium
867 441 934 487 non
955 420 1116 513 movebat,
1155 440 1258 511 quum
1289 419 1367 489 libri
1400 419 1436 486 in

198 507 337 582 Oriente
360 505 439 572 editi
461 506 518 575 vix
541 505 583 573 ad
603 514 716 573 nostra
743 507 859 572 limina
886 507 1059 592 pervenire
1086 507 1221 588 soleant,
1245 528 1436 592 quanquam

197 617 279 660 ous
310 593 414 681 ipsius
447 593 602 661 ccclesiae
632 593 826 678 Opolitanae
854 594 1062 677 patriarchae
1090 595 1266 660 autoritate
1298 594 1436 673 editum,

197 616 342 763 agcoque
371 681 477 764 prima
504 683 650 746 omnium
678 687 713 746 ct
744 682 840 745 unica
861 680 902 746 N.
926 681 962 747 Τ.
990 682 1099 766 graeci
1127 680 1226 746 editio
1254 681 1435 761 orientalis,

198 767 317 833 saltem
348 767 564 833 Vindobonae
592 767 755 834 asservari
783 766 929 833 debebat.
975 769 1103 833 Varum
1134 789 1177 833 ex
1208 788 1272 851 quo
1304 789 1326 833 a
1353 767 1436 835 viris

196 853 299 920 doctis
328 853 462 918 natione
486 854 622 919 Graecis
644 853 803 936 pluribus,
833 854 911 937 olim
938 853 993 920 vol
1026 855 1063 919 in
1095 853 1271 920 seminario
1300 851 1436 920 Obalci·

196 938 300 1019 densi,
329 938 383 1005 vel
404 939 655 1025 Hierosolymis,
685 939 738 1007 vel
760 939 903 1006 Athenis
928 946 961 1006 et
989 940 1067 1007 alibi
1089 939 1373 1008 concionatoribus
1401 947 1437 1006 et

195 1026 441 1110 professoribus,
480 1047 569 1092 nunc
607 1026 694 1111 apud
735 1047 795 1092 nos
833 1027 1047 1111 Argentorati
1087 1027 1204 1094 studiis
1241 1025 1438 1111 theologicis

195 1111 471 1192 incumbentibus,
495 1113 626 1195 saepius
654 1111 775 1191 audivi,
805 1112 980 1179 aditionem
1008 1113 1109 1181 talem
1131 1113 1438 1196 Constantinopoli·

195 1205 308 1264 tanam
329 1197 364 1262 in
383 1198 524 1265 Graecia
545 1199 678 1264 omnino
695 1199 898 1282 incognitam
921 1220 1001 1280 esse,
1020 1200 1167 1283 suspicor
1183 1199 1318 1265 titulum
1339 1198 1437 1265 illum

196 1284 429 1368 Mosquensom
451 1285 564 1351 lectori
593 1286 704 1352 fucum
732 1286 838 1352 facero
865 1286 1017 1355 voluisse.
1062 1286 1218 1353 Fortasse
1239 1284 1439 1371 respiciebat

196 1371 303 1436 editor
335 1371 376 1435 ad
403 1373 444 1436 N.
476 1372 513 1436 Τ.
548 1393 576 1436 a.
614 1376 693 1435 1810
727 1371 871 1437 Londini
905 1373 1104 1456 impressum
1136 1368 1325 1457 bilinguem,
1358 1371 1438 1438 usui

197 1458 401 1523 Graecorum
424 1458 623 1522 destinatum
652 1458 743 1524 cuius
771 1458 973 1542 exemplaria
994 1459 1141 1545 Oyrillus
1162 1457 1353 1542 patriarcha
1375 1457 1438 1523 ali-

195 1564 261 1627 quo
283 1564 341 1609 suo
363 1545 543 1627 patrocinio
560 1544 697 1628 dignari
718 1552 879 1628 potuerat.
904 1545 1002 1612 Oerte
1024 1553 1135 1612 textus
1156 1545 1256 1610 huius
1278 1543 1438 1610 editionis

194 1638 230 1696 et
250 1630 458 1714 Mosquensis
480 1630 570 1696 idam
591 1637 648 1697 est
