3000 5024
81 249 106 306 x
448 245 645 304 numanus
663 245 942 304 stannaturae.
1251 254 1309 318 121

80 422 239 490 Ioannem
260 420 313 489 die
335 424 384 487 28.
407 417 602 488 Novembris
624 441 652 486 a.
678 423 717 483 28
741 426 910 499 sanatum,
941 427 975 487 et
1001 421 1066 488 alia
1086 422 1312 491 huiuscemodi

80 529 148 576 non
169 508 280 575 minua
301 508 436 576 curiosa.
480 507 607 573 Verum
633 506 686 574 his
707 507 832 585 missis,
860 513 973 591 utpote
1002 509 1043 575 ab
1065 508 1217 576 instituto
1239 531 1312 577 meo

81 594 206 676 alienis,
229 593 270 661 de
291 600 385 660 textu
408 592 523 660 dicam.
557 592 619 657 Ille
641 592 774 676 quidem
785 593 1013 660 Elaevirianus
1035 603 1085 660 est
1107 596 1230 680 (1633),
1255 597 1312 662 sed

80 682 116 748 in
136 702 176 747 eo
197 680 411 764 exprimendo
438 679 524 746 hano
550 678 613 745 sibi
635 679 741 765 legem
763 680 933 746 constituit
955 680 1060 746 editor
1087 688 1124 747 ut
1151 703 1206 747 eas
1225 685 1312 765 peri-

80 788 188 851 copas,
210 786 293 850 quae
316 766 456 833 duorum
479 772 537 831 aut
559 765 659 831 trium
682 765 958 849 evangelistarum
976 768 1181 834 narrationes
1198 773 1312 853 παραλ-

81 852 184 932 λήλους
204 853 369 934 referunt,
401 873 465 918 non
495 851 688 934 simpliciter
716 853 886 936 synoptico
909 852 1095 934 exhiberet,
1125 852 1312 921 sedunam

80 939 259 1007 maioribus
281 939 371 1024 typis
400 960 420 1004 a
441 937 579 1004 caeteris
606 937 795 1004 distinctam
817 939 910 1022 quasi
937 940 1119 1024 principem
1141 946 1175 1006 et
1196 939 1312 1007 drioem

80 1025 247 1111 seligeret,
279 1047 415 1109 eamque
441 1023 538 1090 modo
566 1045 584 1089 e
613 1024 796 1103 Matthaeo‚
831 1025 926 1090 modo
954 1047 973 1091 e
1000 1027 1112 1093 Marco
1141 1032 1199 1092 aut
1219 1028 1314 1093 Luca

78 1112 227 1196 petitam,
249 1112 302 1178 cui
324 1110 440 1178 deinde
462 1111 661 1193 reliquarum
683 1111 861 1194 peculiaria
884 1111 1107 1178 additamenta
1134 1112 1314 1179 minoribus

78 1199 169 1286 typis
191 1196 354 1282 descripta
375 1197 515 1263 inseruit
536 1197 589 1264 vel
611 1196 709 1262 etiam
732 1198 898 1263 variantes
920 1198 1076 1266 lectiones
1105 1205 1138 1264 et
1166 1199 1314 1282 proprias

79 1305 178 1352 voees
199 1287 230 1347 a
250 1289 430 1368 παρενθέσει
452 1281 587 1349 addidit
621 1280 677 1349 Sic
699 1283 789 1349 inter
810 1284 929 1349 Matth.
952 1289 979 1362 5,
1000 1289 1049 1349 47.
1073 1291 1107 1350 et
1125 1288 1174 1348 48.
1198 1284 1314 1368 legun·

78 1376 134 1437 tur
155 1369 259 1437 verba
285 1392 328 1436 ex
355 1372 436 1436 Iure.
461 1373 489 1448 6,
512 1374 562 1434 34.
587 1373 636 1434 35.
667 1369 839 1452 desumpta
867 1391 951 1453 quae
978 1377 1089 1437 amen
1118 1377 1152 1436 et
1178 1372 1213 1435 in
1242 1372 1314 1454 ipso

77 1458 192 1524 Lucae
213 1462 347 1522 textae
369 1457 503 1540 regione
526 1456 672 1538 apposito
694 1454 866 1535 habentur,
897 1463 984 1522 etv.
1008 1461 1048 1519 48
1076 1457 1124 1523 sio
1146 1456 1313 1522 scribitur:

78 1544 190 1609 ἔσεσθε
212 1532 265 1607 eda
285 1548 387 1607 τέλειοι
404 1545 611 1630 (οἰκτίρμονες)
634 1548 693 1608 etc.
726 1542 830 1607 Porro
853 1563 954 1625 quum
975 1543 1011 1607 in
1033 1544 1182 1627 margine
1203 1564 1315 1608 reeen-

78 1630 204 1696 tiorum
225 1630 413 1696 criticorum
433 1629 589 1694 lectiones
612 1633 755 1707 notaret,
782 1628 818 1693 in
845 1629 915 1711 ipso
937 1651 1014 1695 vero
1036 1636 1131 1694 textu
1154 1627 1314 1712 vulgatas,

78 1717 134 1783 hio
156 1735 224 1781 non
246 1715 370 1800 glossas
393 1721 561 1798 suspectas
582 1713 689 1793 modo,
712 1712 768 1780 sed
791 1714 1016 1799 cuiuscunque
1036 1714 1166 1800 generis
1184 1715 1315 1780 varian-

79 1809 131 1869 tes
151 1801 247 1868 unois
266 1801 413 1879 inclusit,
440 1806 573 1886 praeter
599 1800 746 1864 virorum
775 1799 942 1867 doctorum
971 1822 1110 1880 morem,
1140 1806 1174 1865 et
1198 1802 1234 1864 in
1263 1800 1315 1865 his

80 1886 200 1956 studiis
222 1888 302 1954 satis
324 1887 442 1954 leviter
463 1887 568 1971 egisse
590 1885 732 1951 videtur.
768 1884 824 1952 Sic
841 1886 960 1952 Matth.
982 1894 1010 1966 3,
1033 1891 1060 1952 8.
1083 1886 1243 1971 scriptum
1266 1891 1316 1950 est

79 1976 116 2041 in
129 1979 228 2040 textu
252 1970 381 2062 [καρπὸν
391 1972 486 2056 ἄξων]
510 1979 544 2039 et
565 1973 601 2036 in
615 1972 789 2057 margine:
813 1970 940 2038 GKSL
959 1979 993 2038 et
1010 1974 1037 2037 Τ
1055 1972 1171 2056 legunt
1182 1970 1315 2057 καρπούς

80 2060 198 2143 ἀξίους.

83 2269 161 2330 sa*
204 2226 402 2328 coneum
426 2269 615 2344 nappaeae,
638 2273 790 2346 aeaeae
810 2271 948 2328 aeaeae
973 2270 1191 2344 sarcasmos
1212 2268 1315 2324 acas-

458 2358 538 2412 oicae
554 2365 580 2412 ct
598 2365 732 2414 emmae.
765 2357 854 2415 1856.
885 2355 933 2414 32.

261 2435 279 2468 ⁴*
322 2440 518 2500 COLONIAE
540 2444 713 2518 Agrippinae
730 2445 774 2519 (at
790 2446 901 2518 supra).
934 2441 1024 2500 1861.
1057 2441 1105 2498 32.

168 2575 282 2642 Editio
307 2573 387 2642 haee
414 2595 481 2639 non
508 2575 714 2646 Germanicis
743 2575 801 2643 sed
828 2574 1032 2641 Britannicis
1059 2572 1315 2654 adnumeranda,

81 2662 230 2747 alioquin
257 2662 360 2729 solam
382 2666 415 2725 et
441 2661 572 2728 unicam
601 2671 789 2729 nostrarum
812 2661 951 2728 dixerim
981 2681 1064 2743 quae
1092 2668 1166 2744 post
1193 2681 1317 2725 annum

85 2753 167 2812 1775
191 2754 319 2814 textum
340 2747 568 2813 Elzevirorum
590 2748 750 2815 exhibeat
792 2749 835 2813 In
857 2749 1008 2813 omnibus
1029 2768 1106 2812 eum
1127 2746 1318 2812 Iowettiana

83 2834 352 2919 Cantabrigiensi
380 2834 534 2899 convenit
562 2835 654 2901 euius
675 2834 778 2901 fidum
801 2833 1013 2919 apographon
1035 2839 1100 2912 est,
1129 2831 1186 2897 sed
1213 2833 1317 2897 forma

83 2928 117 2988 et
136 2921 226 3007 typis
243 2920 433 3004 elegantius,
452 2919 537 2986 binis
554 2942 681 3004 quoque
698 2922 858 2987 columnis
875 2927 909 2987 'et
926 2919 1164 2986 versiculorum
1182 2917 1316 2982 distinc-

83 3009 176 3074 tione
198 3008 238 3074 ab
261 3005 374 3073 eadem
397 3005 535 3072 diversa.
575 3008 686 3073 Pretio
707 3007 767 3074 vili
788 3005 942 3072 studiosis
964 3006 1085 3070 nostris
1106 3004 1261 3069 venditur
1281 3004 1317 3067 in

83 3096 158 3180 ipsa
181 3093 363 3161 Germania
384 3112 525 3157 exerrans
547 3092 638 3174 liber,
662 3095 786 3160 seilicet
806 3099 845 3157 ut
867 3093 998 3161 criticae
1021 3091 1178 3155 editiones
1206 3090 1316 3173 purio-

83 3202 156 3247 rem
180 3186 310 3246 textum
331 3184 615 3262 repraesentantes
638 3202 751 3246 eorum
771 3180 872 3246 oculis
894 3177 1022 3244 facilius
1042 3176 1273 3243 subducantur.

134 3392 183 3450 44.
196 3392 214 3426 '⁹
259 3388 456 3448 COLONIAE
473 3391 646 3466 Agrippinae
662 3393 813 3467 ammittas
829 3391 966 3447 societatis
983 3389 1200 3463 eattoptttoram
1218 3389 1272 3444 dri-

201 3474 204 3481 ’
437 3479 565 3535 taunicac
581 3488 607 3535 ct
624 3487 757 3535 cataroae.
793 3476 880 3534 1863.
906 3474 959 3569 Ι16.

172 3609 284 3676 Editio
306 3610 567 3693 graeco-anglica
589 3609 695 3694 quoad
713 3615 839 3675 textum
861 3610 1079 3692 archetypum
1096 3606 1320 3691 praecedentis

82 3695 284 3764 fidissimum
305 3695 527 3779 apographon.

139 3894 215 3965 tet
258 3904 454 3965 cenoman
472 3909 646 3982 Aprppteae
662 3908 813 3980 eaesae
829 3907 966 3961 saraae
983 3905 1271 3980 retransmeare

439 3994 758 4050 tcaaieacctcatcrnac.
789 3992 878 4050 1864.
910 3990 958 4052 16.

173 4124 286 4192 Editio
303 4127 623 4210 graeco-germanica
640 4147 660 4190 a
677 4124 885 4210 praecedenti
902 4124 960 4190 vix
977 4121 1198 4200 discernenda,
1217 4141 1319 4204 quan-

84 4222 160 4280 tum
187 4212 319 4297 quidem
348 4211 390 4277 ad
417 4219 545 4277 textum
573 4233 726 4296 grecam
752 4210 884 4290 attinet,
917 4208 974 4275 sed
1003 4216 1113 4274 tamen
1139 4208 1319 4272 formarum

86 4298 323 4384 compositione
343 4319 423 4364 vere
443 4319 539 4378 nova,
563 4320 663 4382 quum
686 4298 808 4383 singuli
830 4295 1000 4380 archetypi
1022 4317 1145 4372 versus,
1167 4312 1227 4377 pro
1245 4313 1320 4359 ver·

86 4387 191 4454 sionis
216 4392 342 4463 tenore,
374 4384 471 4449 modo
498 4385 594 4468 plura
624 4383 718 4449 modo
747 4384 900 4467 pauciora
931 4380 1091 4450 voeabula
1123 4380 1318 4445 contineant

86 4471 266 4540 (laetarum
287 4490 460 4555 operarum
480 4470 608 4535 labores
627 4473 757 4553 penitus
773 4470 1013 4554 redintegratos
1030 4488 1098 4531 non
1116 4463 1318 4532 crediderim.

86 4557 278 4640 Utrumque
304 4557 489 4640 exemplar,
523 4556 666 4639 alioquin
695 4557 776 4624 satia
809 4555 948 4620 nitidum
977 4560 1011 4619 et
1039 4553 1192 4637 elegans,
1219 4550 1255 4615 in
1283 4571 1320 4616 eo

87 4649 202 4732 peceat
214 4643 400 4730 ·quod·typi
422 4644 530 4730 graeci
552 4643 749 4729 germanicis
771 4648 805 4708 et
825 4641 962 4727 anglicis
983 4640 1127 4706 minores
1147 4644 1237 4704 sunt.
