3000 5024
217 221 236 279 2
691 217 978 276 salsissimum„

216 389 368 457 omnibus
390 388 556 457 exstitisse
577 389 754 474 perhibent
775 391 934 475 cuiusque
956 412 1058 458 cunas
1078 390 1115 455 in
1127 389 1359 458 Elnevirorum
1382 392 1458 459 offi-

218 477 292 544 cina
313 477 436 560 positas
458 477 559 544 fuisse
581 483 615 542 et
636 477 699 543 sibi
721 484 755 543 et
775 478 847 544 aliis
869 478 1065 560 persuadere
1082 499 1150 544 non
1167 477 1325 545 dubitant.
1359 477 1459 545 Sane

217 564 381 649 originem
409 564 480 629 eius
507 563 606 629 altius
629 571 783 646 repetunt
804 566 844 631 ab
867 565 1007 631 Erasmo
1030 564 1274 648 Stephanisque
1296 572 1330 631 et
1350 565 1457 647 Besa,

214 671 295 735 quos
312 649 495 733 paullulum
514 648 653 715 subinde
669 650 845 718 lectionem
862 659 1008 717 mutasse
1026 649 1218 728 concedunt,
1241 660 1355 734 postea
1371 674 1458 720 vero

214 757 274 821 per
295 737 461 821 integrum
483 736 651 802 saeculum
673 743 706 802 et
728 737 862 803 alterius
890 737 1063 802 dimidium
1090 758 1157 803 non
1178 739 1320 821 amplius
1341 739 1458 804 varia·

214 830 284 889 tam
306 825 502 904 scripturam
530 821 572 887 ad
598 822 800 889 celeberrimi
829 824 933 888 critici
954 824 1103 890 Ienensis
1132 831 1279 907 tempora
1305 823 1458 890 delatam

213 916 341 994 putant,
371 910 465 976 ouius
486 908 553 976 uiri
573 909 719 974 maxima
741 909 845 994 gloria
873 932 915 975 ex
943 931 981 976 eo
1002 912 1072 993 ipso
1102 910 1303 976 redundasse
1331 909 1459 977 dieitur

213 995 302 1080 quod
323 995 451 1078 primus
473 993 729 1060 emendatiorem
752 1019 794 1062 ex
815 996 960 1061 fontibus
978 997 1109 1061 eruerit.
1144 999 1256 1080 Atque
1273 997 1336 1061 hoc
1353 1004 1458 1081 pacto
1490 1004 1493 1009 '

214 1082 256 1148 ad
275 1082 364 1147 huno
381 1103 486 1166 usque
505 1080 592 1145 diem
609 1082 799 1164 saepissime
818 1082 859 1147 ad
876 1085 1060 1166 marginem
1078 1083 1245 1162 librorum,
1263 1083 1458 1168 ubieunque

214 1169 255 1235 ab
279 1167 518 1251 antiquioribus
541 1167 724 1252 discrepare
746 1169 911 1249 videntur,
934 1169 1054 1234 horum
1074 1169 1233 1236 lectiones
1255 1170 1348 1253 qussi
1369 1171 1456 1235 olim

214 1255 255 1320 ab
278 1255 429 1320 omnibus
456 1260 607 1339 receptae
635 1263 668 1321 et
690 1255 850 1322 haetenus
872 1255 1028 1340 vulgares
1056 1256 1096 1321 ab
1125 1255 1303 1322 editoribus
1335 1254 1456 1323 sedulo

214 1346 382 1406 notantur.

300 1427 429 1493 Verum
450 1426 532 1493 haec
554 1427 680 1508 omnia,
707 1427 736 1493 si
758 1449 827 1493 non
849 1428 981 1493 omnino
1002 1428 1086 1493 falsa
1108 1434 1141 1494 et
1163 1449 1314 1508 erronea,
1337 1432 1457 1496 tamen

214 1515 325 1580 minus
347 1521 436 1580 recte
459 1513 545 1581 diota
565 1520 653 1580 sunt.
698 1514 952 1580 Griesbachium
980 1514 1112 1599 quidem
1138 1514 1248 1599 ipsum
1274 1513 1370 1581 facile
1393 1538 1456 1582 ex·

215 1607 366 1668 ousatum
385 1600 491 1666 habeo
519 1600 604 1684 quod
631 1606 762 1665 textum
784 1602 1000 1683 antiquiorem
1030 1622 1127 1684 quem
1156 1601 1331 1667 emendare
1354 1623 1457 1670 oona-

214 1687 313 1755 batur
334 1686 504 1770 vulgarem
527 1694 560 1752 et
582 1694 750 1769 receptum
772 1686 901 1752 dixerit.
946 1687 1033 1753 Nam
1058 1688 1096 1752 in
1118 1688 1263 1753 coetibus
1285 1688 1457 1755 Luthera-

214 1794 336 1840 norum
367 1774 530 1839 inferioris
559 1773 774 1853 Germaniae,
808 1772 850 1838 ad
882 1794 964 1856 quos
992 1781 1025 1838 et
1051 1774 1209 1840 Halensis
1237 1780 1271 1840 et
1297 1773 1457 1843 lenensis

215 1859 401 1926 academiae
423 1858 642 1942 pertinebant,
671 1858 753 1924 aliae
775 1858 932 1925 editiones
960 1859 1029 1925 fere
1056 1859 1165 1925 nullae
1194 1866 1265 1924 tum
1293 1863 1460 1944 temporis

215 1969 278 2013 usu
297 1947 477 2013 veniebant
499 1966 597 2029 quam
619 1967 702 2029 quae
719 1967 762 2012 ex
779 1946 1064 2029 orphanotropheo
1075 1946 1215 2011 Halensi
1232 1945 1286 2012 vel
1305 1968 1350 2011 ex
1361 1949 1460 2031 prelo

215 2033 380 2100 Vossiano
402 2033 518 2116 Lipsia
540 2038 574 2096 et
590 2032 746 2097 Berolino
764 2032 918 2097 exiebant
934 2033 1216 2115 frequentissimae
1233 2053 1356 2116 eaeque
1374 2055 1462 2118 pure

217 2125 297 2204 pute
319 2119 557 2186 Elzevirianae.
610 2117 702 2198 Quas
724 2125 758 2184 et
785 2120 927 2201 pretium
957 2120 1077 2183 eximie
1103 2118 1268 2184 modicum
1298 2126 1332 2184 et
1360 2119 1462 2188 theo·

214 2206 366 2290 logorum
400 2206 555 2270 strictiori
587 2205 748 2271 formulae
779 2204 986 2270 addictorum
1013 2213 1115 2270 tenax
1142 2205 1345 2271 consuetudo
1376 2228 1462 2291 prae

217 2293 353 2358 caeteris
376 2289 640 2371 commendabat,
670 2292 716 2355 ita
744 2298 783 2356 ut
803 2312 911 2356 novus
939 2291 1044 2357 editor
1070 2290 1286 2374 quodeunque
1313 2312 1358 2357 ex
1388 2293 1462 2361 illis

215 2378 310 2444 libris
334 2383 374 2441 ut
402 2378 552 2460 spurium
579 2377 708 2444 delebat
733 2377 786 2443 vel
816 2378 856 2443 ab
885 2376 1002 2443 iisdem
1033 2379 1177 2443 alienum
1204 2399 1262 2444 suo
1288 2377 1464 2447 inserebat

216 2485 284 2530 non
306 2469 417 2546 posset
437 2484 505 2529 non
526 2468 664 2546 receptae
681 2463 813 2529 lectioni
830 2485 1004 2547 opponere.
1037 2464 1253 2530 caeterarum
1270 2463 1464 2533 editionum

216 2551 253 2616 in
270 2550 338 2616 illis
356 2550 545 2634 regionibus
563 2550 664 2634 vulgo
682 2550 871 2634 ignotarum
883 2558 1005 2630 noster,
1023 2570 1211 2634 quanquam
1222 2549 1307 2615 bene
1318 2572 1462 2635 gnarus,

216 2643 404 2720 respectum
424 2635 547 2702 habere
576 2657 857 2719 supervacaneum
885 2637 1032 2703 ducebat.
1086 2636 1154 2703 Sed
1183 2636 1271 2720 quod
1292 2637 1344 2700 illi
1378 2640 1464 2706 vitio

219 2723 305 2790 verti
337 2722 450 2806 nequit
479 2723 610 2789 criticos
631 2723 829 2789 recentiores
856 2744 974 2808 parum
1003 2723 1103 2789 decet.
1148 2724 1274 2789 Textus
1302 2732 1464 2810 receptus

219 2830 317 2894 quem
340 2807 447 2874 dicere
468 2811 572 2892 possis
593 2809 660 2873 iam
681 2811 716 2874 in
738 2816 806 2874 toto
828 2811 905 2876 orbe
927 2816 1092 2875 terrarum
1113 2809 1225 2875 nullus
1252 2816 1318 2888 est,
1348 2833 1465 2897 neque

219 2897 299 2961 olim
320 2916 466 2979 unquam
488 2897 589 2961 fuisse
607 2895 679 2961 luce
707 2894 826 2960 diurna
854 2896 976 2963 clarius
1004 2897 1076 2980 ipsa
1097 2896 1178 2962 haec
1199 2895 1384 2962 editionum
1407 2920 1464 2965 re-

219 2983 327 3050 censio
348 2981 594 3062 demonstrabit,
617 2980 776 3065 quidquid
798 2982 919 3048 dehac
937 3005 973 3048 re
989 2983 1055 3049 viri
1072 2982 1158 3049 docti
1175 2982 1342 3048 indoctam
1361 2985 1465 3071 vulgi

219 3068 432 3136 traditionem
462 3069 591 3153 sequuti
616 3068 653 3134 in
680 3069 881 3135 contrarium
903 3069 1079 3152 disputent.
1124 3069 1217 3134 Inter
1238 3089 1320 3152 quos
1343 3079 1466 3139 nostra

218 3157 351 3240 quidem
385 3163 493 3222 aetate
525 3154 678 3220 nonnulli
705 3156 905 3221 exstiterunt
933 3156 1004 3239 qui,
1038 3161 1077 3220 ut
1106 3157 1237 3238 opinor,
1271 3177 1308 3220 re
1336 3158 1465 3225 melius

220 3244 350 3327 cognita
371 3242 481 3308 minus
503 3243 634 3308 incaute
657 3241 697 3308 de
718 3248 815 3307 textu
837 3241 915 3307 olim
937 3242 978 3307 ab
1000 3241 1154 3307 omnibus
1176 3247 1305 3324 recepto
1327 3240 1466 3327 loquuti

220 3336 312 3408 sunt,
341 3328 434 3394 cuius
456 3328 612 3393 lectiones
635 3349 672 3393 eo
696 3329 830 3393 nomine
856 3329 999 3413 margini
1029 3350 1166 3393 suarum
1193 3327 1380 3394 editionum
1404 3331 1465 3397 ad-

221 3416 418 3494 scriberent,
453 3413 511 3480 sed
538 3436 643 3479 unum
672 3415 812 3497 aliquem
839 3413 962 3479 librum
992 3436 1034 3480 ox
1068 3413 1233 3481 veteribus
1266 3413 1466 3499 selegerunt

221 3520 296 3566 oum
317 3521 406 3565 nova
426 3501 617 3566 recensione
639 3500 882 3579 conferendum,
905 3522 947 3566 ex
969 3522 1032 3583 quo
1054 3508 1212 3584 quantum
1229 3499 1311 3565 haec
1330 3503 1375 3568 ab
1395 3503 1465 3571 illis

222 3587 322 3654 distet
343 3587 437 3669 qussi
459 3586 610 3670 exemplo
633 3587 741 3653 oblato
763 3593 899 3668 pateret.
932 3587 1072 3652 Librum
1094 3588 1193 3653 istum
1212 3587 1465 3665 Elzevirianam

221 3694 293 3739 esse
315 3672 490 3738 editionem
512 3693 598 3738 anno
625 3677 706 3736 1624
729 3673 918 3756 evulgatam
939 3694 1036 3738 nemo
1059 3681 1111 3738 est
1132 3674 1188 3756 qui
1209 3672 1344 3738 nesciat.
1395 3675 1465 3744 Sed

221 3760 332 3826 hercle
355 3781 475 3842 quaero
503 3781 568 3843 qua
597 3759 637 3825 de
665 3780 764 3825 causa
791 3759 893 3824 istum
920 3780 1000 3843 prae
1027 3760 1165 3826 caeteris
1195 3759 1368 3840 omnibus,
1400 3760 1473 3829 nisi·

221 3868 324 3930 usque
352 3847 514 3912 obtineret
543 3845 766 3929 praeiudicata
795 3844 852 3910 illo
885 3847 995 3928 opinio
1023 3846 1064 3911 de
1092 3852 1187 3911 textu
1220 3845 1380 3930 deinceps
1413 3849 1464 3915 in·

222 3933 364 4012 variato,
394 3954 494 4016 quam
523 3932 620 3998 modo
650 3932 768 3998 falsam
796 3931 888 3997 dixi?
934 3931 1043 4012 Quam
1072 3954 1189 4015 parum
1218 3938 1332 3998 autem
1360 3934 1465 4002 editio

221 4019 281 4084 illa
303 4018 461 4103 dignitate
483 4019 657 4103 principali
678 4016 819 4103 gaudeat
840 4019 926 4083 infra
947 4018 1146 4084 ostendetur.

309 4106 426 4181 Liceat
457 4106 541 4171 mihi
573 4105 780 4190 paucissimis
813 4104 972 4189 exemplis
1006 4104 1173 4171 declarare
1206 4125 1304 4188 quam
1342 4126 1467 4189 parum

222 4192 376 4258 utilitatis
399 4193 564 4258 studiosus
585 4193 689 4258 lector
710 4192 878 4275 percipiat,
908 4192 975 4255 imo
997 4213 1095 4274 quam
1116 4191 1260 4256 multum
1283 4196 1416 4261 erroris
1437 4193 1466 4260 ei

223 4277 418 4346 obtrudatur
446 4302 490 4345 ex
511 4279 684 4346 collatione
714 4277 773 4342 teli
802 4279 927 4344 ratione
957 4277 1119 4343 instituta.
1166 4277 1414 4349 Griesbaohius
1435 4284 1467 4347 et

223 4368 280 4450 qui
300 4374 376 4450 post
397 4387 473 4432 eum
498 4367 633 4431 fuerunt
655 4363 760 4431 critici
782 4386 896 4430 omnes
924 4364 946 4428 l.
970 4364 1012 4429 ad
1034 4365 1129 4428 Rom.
1155 4369 1183 4444 7,
1206 4369 1224 4428 6
1253 4363 1467 4448 scripserunt

223 4451 430 4526 ἀποθανόντες
450 4452 626 4519 lectionem
646 4451 744 4516 unice
766 4471 895 4530 veram,
924 4455 958 4516 et
984 4450 1026 4515 ad
1046 4450 1230 4534 marginem
1252 4447 1466 4529 ἀποθανόντος

222 4546 335 4623 utpote
357 4540 436 4606 olim
452 4544 603 4621 receptam
621 4537 830 4604 adnotarunt.
864 4537 994 4603 Verum
1011 4537 1107 4602 lectio
1124 4536 1181 4602 illa
1198 4536 1466 4610 Griesbaohiens

223 4627 290 4692 iam
312 4635 411 4693 antea
433 4628 624 4693 incentum
653 4624 864 4708 septuaginta
890 4631 926 4689 et
954 4631 1095 4706 quatuor
1122 4622 1324 4692 editionibus
1354 4629 1465 4697 fuero
1499 4691 1500 4702 ,
