<?xml version="1.0" encoding="UTF-8"?>
<!DOCTYPE html PUBLIC "-//W3C//DTD XHTML 1.0 Transitional//EN"
    "http://www.w3.org/TR/xhtml1/DTD/xhtml1-transitional.dtd">
<html xmlns="http://www.w3.org/1999/xhtml" xml:lang="en" lang="en">
 <head>
  <title>
</title>
<meta http-equiv="Content-Type" content="text/html;charset=utf-8" />
  <meta name='ocr-system' content='tesseract 3.04.00' />
  <meta name='ocr-capabilities' content='ocr_page ocr_carea ocr_par ocr_line ocrx_word'/>
</head>
<body>
  <div class='ocr_page' id='page_1' title='image "./bibliothecanovi00reusgoog_0116.png"; bbox 0 0 3000 5024; ppageno 0'>
   <div class='ocr_carea' id='block_1_1' title="bbox 84 191 1323 313">
    <p class='ocr_par' dir='ltr' id='par_1_1' title="bbox 84 191 1323 313">
     <span class='ocr_line' id='line_1_1' title="bbox 84 191 1323 313; baseline 0.008 -20"><span class='ocrx_word' id='word_1_1' title='bbox 84 238 112 301; x_wconf 79' lang='lat' dir='ltr'><strong>a</strong></span> <span class='ocrx_word' id='word_1_2' title='bbox 182 191 185 197; x_wconf 33' lang='lat'>⁵</span> <span class='ocrx_word' id='word_1_3' title='bbox 411 239 604 298; x_wconf 75' lang='lat' dir='ltr'><strong>mutones</strong></span> <span class='ocrx_word' id='word_1_4' title='bbox 622 240 1006 299; x_wconf 70' lang='lat' dir='ltr'><strong>sternere-enatuere.</strong></span> <span class='ocrx_word' id='word_1_5' title='bbox 1265 248 1323 313; x_wconf 92' lang='lat'><strong>101</strong></span> 
     </span>
    </p>
   </div>
   <div class='ocr_carea' id='block_1_2' title="bbox 88 492 1326 652">
    <p class='ocr_par' dir='ltr' id='par_1_2' title="bbox 88 492 1326 652">
     <span class='ocr_line' id='line_1_2' title="bbox 88 492 1326 652; baseline 0.002 -88"><span class='ocrx_word' id='word_1_6' title='bbox 88 504 163 566; x_wconf 69' lang='lat' dir='ltr'><strong>ia*</strong></span> <span class='ocrx_word' id='word_1_7' title='bbox 205 502 471 568; x_wconf 69' lang='lat' dir='ltr'><strong>mausona</strong></span> <span class='ocrx_word' id='word_1_8' title='bbox 494 516 521 566; x_wconf 75' lang='lat' dir='ltr'><strong>a</strong></span> <span class='ocrx_word' id='word_1_9' title='bbox 538 505 873 652; x_wconf 41' lang='lat' dir='ltr'><strong>mamm</strong></span> <span class='ocrx_word' id='word_1_10' title='bbox 890 509 1017 566; x_wconf 67' lang='lat' dir='ltr'><strong>raia.</strong></span> <span class='ocrx_word' id='word_1_11' title='bbox 1039 511 1130 566; x_wconf 68' lang='lat' dir='ltr'><strong>Meas</strong></span> <span class='ocrx_word' id='word_1_12' title='bbox 1149 492 1220 583; x_wconf 65' lang='lat' dir='ltr'><strong>apa</strong></span> <span class='ocrx_word' id='word_1_13' title='bbox 1244 509 1326 584; x_wconf 65' lang='lat' dir='ltr'><strong>orep.</strong></span> 
     </span>
     <span class='ocr_line' id='line_1_3' title="bbox 657 614 862 651; baseline 0.005 -1"><span class='ocrx_word' id='word_1_14' title='bbox 657 614 676 650; x_wconf 79' lang='lat' dir='ltr'><strong>t.</strong></span> <span class='ocrx_word' id='word_1_15' title='bbox 794 639 800 651; x_wconf 91' lang='lat'><strong>.</strong></span> <span class='ocrx_word' id='word_1_16' title='bbox 856 638 862 651; x_wconf 89' lang='lat'><em>.</em></span> 
     </span>
    </p>
   </div>
   <div class='ocr_carea' id='block_1_3' title="bbox 83 708 1327 1140">
    <p class='ocr_par' dir='ltr' id='par_1_3' title="bbox 83 708 1327 1140">
     <span class='ocr_line' id='line_1_4' title="bbox 173 708 1326 796; baseline 0.001 -20"><span class='ocrx_word' id='word_1_17' title='bbox 173 708 379 796; x_wconf 72' lang='lat' dir='ltr'><strong>Simpliciter</strong></span> <span class='ocrx_word' id='word_1_18' title='bbox 397 710 552 777; x_wconf 88' lang='lat' dir='ltr'><strong>describit</strong></span> <span class='ocrx_word' id='word_1_19' title='bbox 568 710 722 776; x_wconf 85' lang='lat' dir='ltr'><strong>ultimam</strong></span> <span class='ocrx_word' id='word_1_20' title='bbox 735 708 994 777; x_wconf 81' lang='lat' dir='ltr'><strong>Selfischianam.</strong></span> <span class='ocrx_word' id='word_1_21' title='bbox 1024 711 1228 776; x_wconf 81' lang='lat' dir='ltr'><strong>Examinevi</strong></span> <span class='ocrx_word' id='word_1_22' title='bbox 1247 711 1326 778; x_wconf 90' lang='lat' dir='ltr'><strong>olim</strong></span> 
     </span>
     <span class='ocr_line' id='line_1_5' title="bbox 84 795 1325 880; baseline 0.001 -17"><span class='ocrx_word' id='word_1_23' title='bbox 84 795 316 880; x_wconf 78' lang='lat' dir='ltr'><strong>Stuttgardiae</strong></span> <span class='ocrx_word' id='word_1_24' title='bbox 337 797 373 862; x_wconf 91' lang='lat' dir='ltr'><strong>in</strong></span> <span class='ocrx_word' id='word_1_25' title='bbox 395 797 585 864; x_wconf 91' lang='lat' dir='ltr'><strong>collectione</strong></span> <span class='ocrx_word' id='word_1_26' title='bbox 607 797 745 863; x_wconf 82' lang='lat' dir='ltr'><strong>Lorckii</strong></span> <span class='ocrx_word' id='word_1_27' title='bbox 767 818 866 879; x_wconf 88' lang='lat' dir='ltr'><strong>quem</strong></span> <span class='ocrx_word' id='word_1_28' title='bbox 887 799 925 863; x_wconf 88' lang='lat' dir='ltr'><strong>cf.</strong></span> <span class='ocrx_word' id='word_1_29' title='bbox 947 798 982 862; x_wconf 89' lang='lat' dir='ltr'><strong>in</strong></span> <span class='ocrx_word' id='word_1_30' title='bbox 1003 798 1076 863; x_wconf 83' lang='lat' dir='ltr'><strong>BG.</strong></span> <span class='ocrx_word' id='word_1_31' title='bbox 1100 797 1144 862; x_wconf 96' lang='grc' dir='ltr'><strong>ΙΙ.</strong></span> <span class='ocrx_word' id='word_1_32' title='bbox 1170 801 1220 863; x_wconf 85' lang='grc'><strong>46.</strong></span> <span class='ocrx_word' id='word_1_33' title='bbox 1253 799 1325 864; x_wconf 91' lang='lat' dir='ltr'><strong>Nu-</strong></span> 
     </span>
     <span class='ocr_line' id='line_1_6' title="bbox 84 882 1326 968; baseline 0.003 -22"><span class='ocrx_word' id='word_1_34' title='bbox 84 904 147 968; x_wconf 85' lang='lat' dir='ltr'><strong>per</strong></span> <span class='ocrx_word' id='word_1_35' title='bbox 174 882 309 949; x_wconf 91' lang='lat' dir='ltr'><strong>demum</strong></span> <span class='ocrx_word' id='word_1_36' title='bbox 334 883 436 950; x_wconf 90' lang='lat' dir='ltr'><strong>incidi</strong></span> <span class='ocrx_word' id='word_1_37' title='bbox 463 883 633 950; x_wconf 86' lang='lat' dir='ltr'><strong>Monachii</strong></span> <span class='ocrx_word' id='word_1_38' title='bbox 664 884 700 948; x_wconf 90' lang='lat' dir='ltr'><strong>in</strong></span> <span class='ocrx_word' id='word_1_39' title='bbox 730 883 899 966; x_wconf 87' lang='lat' dir='ltr'><strong>exemplar</strong></span> <span class='ocrx_word' id='word_1_40' title='bbox 927 884 1027 961; x_wconf 88' lang='lat' dir='ltr'><strong>aliud,</strong></span> <span class='ocrx_word' id='word_1_41' title='bbox 1058 884 1156 966; x_wconf 91' lang='lat' dir='ltr'><strong>idque</strong></span> <span class='ocrx_word' id='word_1_42' title='bbox 1189 886 1326 951; x_wconf 86' lang='lat' dir='ltr'><strong>unicum</strong></span> 
     </span>
     <span class='ocr_line' id='line_1_7' title="bbox 84 968 1327 1071; baseline 0.002 -36"><span class='ocrx_word' id='word_1_43' title='bbox 84 968 176 1071; x_wconf 80' lang='lat' dir='ltr'><strong>quod</strong></span> <span class='ocrx_word' id='word_1_44' title='bbox 196 992 344 1055; x_wconf 91' lang='lat' dir='ltr'><strong>unquam</strong></span> <span class='ocrx_word' id='word_1_45' title='bbox 367 991 493 1037; x_wconf 84' lang='lat' dir='ltr'><strong>venum</strong></span> <span class='ocrx_word' id='word_1_46' title='bbox 513 969 697 1055; x_wconf 74' lang='lat' dir='ltr'><strong>prostitisse</strong></span> <span class='ocrx_word' id='word_1_47' title='bbox 718 969 853 1035; x_wconf 89' lang='lat' dir='ltr'><strong>memini</strong></span> <span class='ocrx_word' id='word_1_48' title='bbox 876 991 918 1036; x_wconf 82' lang='lat' dir='ltr'><strong>ex</strong></span> <span class='ocrx_word' id='word_1_49' title='bbox 940 990 1004 1054; x_wconf 92' lang='lat' dir='ltr'><strong>quo</strong></span> <span class='ocrx_word' id='word_1_50' title='bbox 1026 970 1104 1036; x_wconf 88' lang='lat' dir='ltr'><strong>talia</strong></span> <span class='ocrx_word' id='word_1_51' title='bbox 1133 971 1327 1055; x_wconf 76' lang='lat' dir='ltr'><strong>conquirere</strong></span> 
     </span>
     <span class='ocr_line' id='line_1_8' title="bbox 83 1077 188 1140; baseline 0.019 -18"><span class='ocrx_word' id='word_1_52' title='bbox 83 1077 188 1140; x_wconf 80' lang='lat' dir='ltr'><strong>coepi.</strong></span> 
     </span>
    </p>
   </div>
   <div class='ocr_carea' id='block_1_4' title="bbox 139 1246 1240 1324">
    <p class='ocr_par' dir='ltr' id='par_1_4' title="bbox 139 1246 1240 1324">
     <span class='ocr_line' id='line_1_9' title="bbox 139 1246 1240 1324; baseline 0 -16"><span class='ocrx_word' id='word_1_53' title='bbox 139 1288 143 1295; x_wconf 88' lang='lat'>·</span> <span class='ocrx_word' id='word_1_54' title='bbox 175 1248 249 1308; x_wconf 66' lang='grc'><strong>13.1</strong></span> <span class='ocrx_word' id='word_1_55' title='bbox 291 1246 840 1324; x_wconf 69' lang='lat' dir='ltr'><strong>WITu&#39;nBEReAEsmpaasBaoa</strong></span> <span class='ocrx_word' id='word_1_56' title='bbox 863 1250 929 1323; x_wconf 76' lang='lat' dir='ltr'><strong>(qrt.</strong></span> <span class='ocrx_word' id='word_1_57' title='bbox 953 1252 1061 1309; x_wconf 61' lang='lat' dir='ltr'><strong>wetti.</strong></span> <span class='ocrx_word' id='word_1_58' title='bbox 1097 1251 1188 1310; x_wconf 88' lang='grc'><strong>1661.</strong></span> <span class='ocrx_word' id='word_1_59' title='bbox 1213 1252 1240 1310; x_wconf 89' lang='lat'><strong>8.</strong></span> 
     </span>
    </p>
   </div>
   <div class='ocr_carea' id='block_1_5' title="bbox 82 1365 1326 1884">
    <p class='ocr_par' dir='ltr' id='par_1_5' title="bbox 100 1365 1325 1443">
     <span class='ocr_line' id='line_1_10' title="bbox 100 1365 1325 1443; baseline 0.002 -10"><span class='ocrx_word' id='word_1_60' title='bbox 100 1386 104 1391; x_wconf 88' lang='lat'>·</span> <span class='ocrx_word' id='word_1_61' title='bbox 170 1367 348 1433; x_wconf 76' lang='lat' dir='ltr'><strong>Praefatur</strong></span> <span class='ocrx_word' id='word_1_62' title='bbox 365 1367 413 1434; x_wconf 91' lang='lat' dir='ltr'><strong>Io.</strong></span> <span class='ocrx_word' id='word_1_63' title='bbox 434 1367 553 1434; x_wconf 81' lang='lat' dir='ltr'><strong>Ericus</strong></span> <span class='ocrx_word' id='word_1_64' title='bbox 571 1366 783 1443; x_wconf 90' lang='lat' dir='ltr'><strong>Ostermann‚</strong></span> <span class='ocrx_word' id='word_1_65' title='bbox 806 1366 939 1431; x_wconf 84' lang='lat' dir='ltr'><strong>Erasmi</strong></span> <span class='ocrx_word' id='word_1_66' title='bbox 959 1365 1137 1433; x_wconf 82' lang='lat' dir='ltr'><strong>Schmidtii</strong></span> <span class='ocrx_word' id='word_1_67' title='bbox 1158 1369 1196 1433; x_wconf 91' lang='lat' dir='ltr'><strong>in</strong></span> <span class='ocrx_word' id='word_1_68' title='bbox 1213 1369 1325 1435; x_wconf 89' lang='lat' dir='ltr'><strong>cathe-</strong></span> 
     </span>
    </p>

    <p class='ocr_par' dir='ltr' id='par_1_6' title="bbox 82 1452 1326 1884">
     <span class='ocr_line' id='line_1_11' title="bbox 83 1452 1325 1538; baseline 0 -19"><span class='ocrx_word' id='word_1_69' title='bbox 83 1452 146 1519; x_wconf 85' lang='lat' dir='ltr'><strong>dra</strong></span> <span class='ocrx_word' id='word_1_70' title='bbox 167 1474 286 1538; x_wconf 81' lang='lat' dir='ltr'><strong>graeca</strong></span> <span class='ocrx_word' id='word_1_71' title='bbox 308 1452 540 1538; x_wconf 83' lang='lat' dir='ltr'><strong>Vitebergensi</strong></span> <span class='ocrx_word' id='word_1_72' title='bbox 561 1474 736 1531; x_wconf 89' lang='lat' dir='ltr'><strong>successor,</strong></span> <span class='ocrx_word' id='word_1_73' title='bbox 767 1454 824 1537; x_wconf 93' lang='lat' dir='ltr'><strong>qui</strong></span> <span class='ocrx_word' id='word_1_74' title='bbox 845 1456 957 1536; x_wconf 81' lang='lat' dir='ltr'><strong>paucis</strong></span> <span class='ocrx_word' id='word_1_75' title='bbox 979 1452 1073 1520; x_wconf 88' lang='lat' dir='ltr'><strong>dccet</strong></span> <span class='ocrx_word' id='word_1_76' title='bbox 1100 1455 1135 1519; x_wconf 94' lang='lat' dir='ltr'><strong>in</strong></span> <span class='ocrx_word' id='word_1_77' title='bbox 1164 1455 1226 1521; x_wconf 89' lang='lat' dir='ltr'><strong>hac</strong></span> <span class='ocrx_word' id='word_1_78' title='bbox 1257 1453 1325 1520; x_wconf 90' lang='lat' dir='ltr'><strong>edi-</strong></span> 
     </span>
     <span class='ocr_line' id='line_1_12' title="bbox 82 1539 1326 1622; baseline 0 -16"><span class='ocrx_word' id='word_1_79' title='bbox 82 1540 175 1606; x_wconf 87' lang='lat' dir='ltr'><strong>tione</strong></span> <span class='ocrx_word' id='word_1_80' title='bbox 196 1539 282 1604; x_wconf 88' lang='lat' dir='ltr'><strong>nihil</strong></span> <span class='ocrx_word' id='word_1_81' title='bbox 303 1541 339 1605; x_wconf 93' lang='lat' dir='ltr'><strong>in</strong></span> <span class='ocrx_word' id='word_1_82' title='bbox 361 1539 587 1607; x_wconf 81' lang='lat' dir='ltr'><strong>Selfischianis</strong></span> <span class='ocrx_word' id='word_1_83' title='bbox 608 1548 772 1606; x_wconf 88' lang='lat' dir='ltr'><strong>mutatum</strong></span> <span class='ocrx_word' id='word_1_84' title='bbox 794 1560 875 1605; x_wconf 89' lang='lat' dir='ltr'><strong>esse.</strong></span> <span class='ocrx_word' id='word_1_85' title='bbox 910 1539 1006 1619; x_wconf 78' lang='lat' dir='ltr'><strong>Quod</strong></span> <span class='ocrx_word' id='word_1_86' title='bbox 1025 1547 1186 1622; x_wconf 87' lang='lat' dir='ltr'><strong>quantum</strong></span> <span class='ocrx_word' id='word_1_87' title='bbox 1207 1541 1326 1607; x_wconf 81' lang='lat' dir='ltr'><strong>attinet</strong></span> 
     </span>
     <span class='ocr_line' id='line_1_13' title="bbox 83 1624 1325 1711; baseline 0.001 -19"><span class='ocrx_word' id='word_1_88' title='bbox 83 1625 127 1692; x_wconf 86' lang='lat' dir='ltr'><strong>ad</strong></span> <span class='ocrx_word' id='word_1_89' title='bbox 150 1624 378 1692; x_wconf 85' lang='lat' dir='ltr'><strong>additamenta</strong></span> <span class='ocrx_word' id='word_1_90' title='bbox 405 1626 483 1691; x_wconf 88' lang='lat' dir='ltr'><strong>hnic</strong></span> <span class='ocrx_word' id='word_1_91' title='bbox 509 1627 653 1693; x_wconf 86' lang='lat' dir='ltr'><strong>familiae</strong></span> <span class='ocrx_word' id='word_1_92' title='bbox 679 1626 812 1711; x_wconf 87' lang='lat' dir='ltr'><strong>propria</strong></span> <span class='ocrx_word' id='word_1_93' title='bbox 839 1628 972 1692; x_wconf 90' lang='lat' dir='ltr'><strong>omnino</strong></span> <span class='ocrx_word' id='word_1_94' title='bbox 1000 1647 1135 1706; x_wconf 83' lang='lat' dir='ltr'><strong>verum;</strong></span> <span class='ocrx_word' id='word_1_95' title='bbox 1165 1634 1325 1710; x_wconf 90' lang='lat' dir='ltr'><strong>quantum</strong></span> 
     </span>
     <span class='ocr_line' id='line_1_14' title="bbox 83 1711 1324 1864; baseline 0.002 -86"><span class='ocrx_word' id='word_1_96' title='bbox 83 1711 127 1778; x_wconf 90' lang='lat' dir='ltr'><strong>ad</strong></span> <span class='ocrx_word' id='word_1_97' title='bbox 152 1718 304 1864; x_wconf 52' lang='lat' dir='ltr'><strong>gauium,</strong></span> <span class='ocrx_word' id='word_1_98' title='bbox 338 1711 380 1778; x_wconf 86' lang='lat' dir='ltr'><strong>ad</strong></span> <span class='ocrx_word' id='word_1_99' title='bbox 412 1712 493 1779; x_wconf 86' lang='lat' dir='ltr'><strong>duas</strong></span> <span class='ocrx_word' id='word_1_100' title='bbox 525 1713 641 1780; x_wconf 89' lang='lat' dir='ltr'><strong>ultimo</strong></span> <span class='ocrx_word' id='word_1_101' title='bbox 670 1714 740 1779; x_wconf 93' lang='lat' dir='ltr'><strong>loco</strong></span> <span class='ocrx_word' id='word_1_102' title='bbox 771 1718 969 1780; x_wconf 87' lang='lat' dir='ltr'><strong>memoratas</strong></span> <span class='ocrx_word' id='word_1_103' title='bbox 1003 1711 1160 1780; x_wconf 85' lang='lat' dir='ltr'><strong>editiones</strong></span> <span class='ocrx_word' id='word_1_104' title='bbox 1187 1714 1324 1781; x_wconf 86' lang='lat' dir='ltr'><strong>restrin-</strong></span> 
     </span>
     <span class='ocr_line' id='line_1_15' title="bbox 84 1819 240 1884; baseline -0.013 -18"><span class='ocrx_word' id='word_1_105' title='bbox 84 1819 151 1884; x_wconf 81' lang='lat' dir='ltr'><strong>gen</strong></span> <span class='ocrx_word' id='word_1_106' title='bbox 173 1821 240 1865; x_wconf 91' lang='lat' dir='ltr'><strong>um.</strong></span> 
     </span>
    </p>
   </div>
   <div class='ocr_carea' id='block_1_6' title="bbox 88 1974 1324 2121">
    <p class='ocr_par' dir='ltr' id='par_1_7' title="bbox 88 1974 1324 2121">
     <span class='ocr_line' id='line_1_16' title="bbox 88 1974 1324 2120; baseline -0.002 -85"><span class='ocrx_word' id='word_1_107' title='bbox 88 1975 160 2037; x_wconf 66' lang='lat'><strong>14·</strong></span> <span class='ocrx_word' id='word_1_108' title='bbox 204 1974 483 2037; x_wconf 69' lang='lat' dir='ltr'><strong>mendorum</strong></span> <span class='ocrx_word' id='word_1_109' title='bbox 505 1980 546 2034; x_wconf 79' lang='lat' dir='ltr'><strong>aa</strong></span> <span class='ocrx_word' id='word_1_110' title='bbox 562 1977 784 2120; x_wconf 56' lang='lat' dir='ltr'><strong>M⁰⁶sgm74tffl{</strong></span> <span class='ocrx_word' id='word_1_111' title='bbox 803 1984 830 2033; x_wconf 78' lang='lat' dir='ltr'><strong>a</strong></span> <span class='ocrx_word' id='word_1_112' title='bbox 852 1977 981 2050; x_wconf 61' lang='lat' dir='ltr'><strong>amaea</strong></span> <span class='ocrx_word' id='word_1_113' title='bbox 998 1979 1093 2033; x_wconf 74' lang='lat' dir='ltr'><strong>sarrs.</strong></span> <span class='ocrx_word' id='word_1_114' title='bbox 1119 1977 1185 2050; x_wconf 72' lang='lat' dir='ltr'><strong>ope.</strong></span> <span class='ocrx_word' id='word_1_115' title='bbox 1216 1977 1324 2034; x_wconf 72' lang='lat' dir='ltr'><strong>uaeas</strong></span> 
     </span>
     <span class='ocr_line' id='line_1_17' title="bbox 704 2067 793 2121; baseline -0.011 0"><span class='ocrx_word' id='word_1_116' title='bbox 704 2107 710 2119; x_wconf 94' lang='lat'>.</span> <span class='ocrx_word' id='word_1_117' title='bbox 747 2067 758 2121; x_wconf 88' lang='lat'>1</span> <span class='ocrx_word' id='word_1_118' title='bbox 787 2107 793 2120; x_wconf 92' lang='lat'><strong>.</strong></span> 
     </span>
    </p>
   </div>
   <div class='ocr_carea' id='block_1_7' title="bbox 72 2196 1324 3040">
    <p class='ocr_par' dir='ltr' id='par_1_8' title="bbox 72 2196 1324 3040">
     <span class='ocr_line' id='line_1_18' title="bbox 160 2196 1323 2280; baseline -0.001 -18"><span class='ocrx_word' id='word_1_119' title='bbox 160 2196 378 2262; x_wconf 88' lang='lat' dir='ltr'><strong>Praecedenti</strong></span> <span class='ocrx_word' id='word_1_120' title='bbox 389 2197 495 2280; x_wconf 80' lang='lat' dir='ltr'><strong>quoad</strong></span> <span class='ocrx_word' id='word_1_121' title='bbox 507 2203 680 2264; x_wconf 83' lang='lat' dir='ltr'><strong>externam</strong></span> <span class='ocrx_word' id='word_1_122' title='bbox 690 2197 830 2261; x_wconf 85' lang='lat' dir='ltr'><strong>formam</strong></span> <span class='ocrx_word' id='word_1_123' title='bbox 842 2201 875 2260; x_wconf 91' lang='lat' dir='ltr'><strong>et</strong></span> <span class='ocrx_word' id='word_1_124' title='bbox 886 2217 996 2261; x_wconf 87' lang='lat' dir='ltr'><strong>rerum</strong></span> <span class='ocrx_word' id='word_1_125' title='bbox 1010 2197 1135 2278; x_wconf 89' lang='lat' dir='ltr'><strong>copiam</strong></span> <span class='ocrx_word' id='word_1_126' title='bbox 1147 2196 1323 2277; x_wconf 90' lang='lat' dir='ltr'><strong>simillima,</strong></span> 
     </span>
     <span class='ocr_line' id='line_1_19' title="bbox 82 2276 1322 2366; baseline -0.002 -16"><span class='ocrx_word' id='word_1_127' title='bbox 82 2284 189 2350; x_wconf 85' lang='lat' dir='ltr'><strong>sclam</strong></span> <span class='ocrx_word' id='word_1_128' title='bbox 210 2291 358 2349; x_wconf 85' lang='lat' dir='ltr'><strong>veterem</strong></span> <span class='ocrx_word' id='word_1_129' title='bbox 374 2286 431 2352; x_wconf 82' lang='lat' dir='ltr'><strong>Er.</strong></span> <span class='ocrx_word' id='word_1_130' title='bbox 450 2283 626 2351; x_wconf 80' lang='lat' dir='ltr'><strong>Schmidtii</strong></span> <span class='ocrx_word' id='word_1_131' title='bbox 644 2284 880 2366; x_wconf 85' lang='lat' dir='ltr'><strong>praefationem</strong></span> <span class='ocrx_word' id='word_1_132' title='bbox 898 2303 926 2347; x_wconf 88' lang='lat' dir='ltr'><strong>a.</strong></span> <span class='ocrx_word' id='word_1_133' title='bbox 949 2287 1029 2345; x_wconf 84' lang='lat'>1635</span> <span class='ocrx_word' id='word_1_134' title='bbox 1050 2283 1160 2348; x_wconf 88' lang='lat' dir='ltr'><strong>datam</strong></span> <span class='ocrx_word' id='word_1_135' title='bbox 1179 2276 1322 2363; x_wconf 88' lang='lat' dir='ltr'><strong>exhibet,</strong></span> 
     </span>
     <span class='ocr_line' id='line_1_20' title="bbox 82 2368 1323 2436; baseline 0.001 -2"><span class='ocrx_word' id='word_1_136' title='bbox 82 2368 121 2434; x_wconf 89' lang='lat' dir='ltr'><strong>in</strong></span> <span class='ocrx_word' id='word_1_137' title='bbox 142 2374 239 2435; x_wconf 86' lang='lat' dir='ltr'><strong>textu</strong></span> <span class='ocrx_word' id='word_1_138' title='bbox 268 2390 348 2436; x_wconf 86' lang='lat' dir='ltr'><strong>vero</strong></span> <span class='ocrx_word' id='word_1_139' title='bbox 367 2371 528 2436; x_wconf 87' lang='lat' dir='ltr'><strong>nonnulla</strong></span> <span class='ocrx_word' id='word_1_140' title='bbox 556 2376 673 2435; x_wconf 88' lang='lat' dir='ltr'><strong>mutat.</strong></span> <span class='ocrx_word' id='word_1_141' title='bbox 717 2368 951 2435; x_wconf 83' lang='lat' dir='ltr'><strong>Selfischianas</strong></span> <span class='ocrx_word' id='word_1_142' title='bbox 980 2369 1135 2435; x_wconf 89' lang='lat' dir='ltr'><strong>lectiones</strong></span> <span class='ocrx_word' id='word_1_143' title='bbox 1165 2368 1246 2434; x_wconf 89' lang='lat' dir='ltr'><strong>duas</strong></span> <span class='ocrx_word' id='word_1_144' title='bbox 1265 2370 1323 2435; x_wconf 89' lang='lat' dir='ltr'><strong>W.</strong></span> 
     </span>
     <span class='ocr_line' id='line_1_21' title="bbox 85 2454 1322 2538; baseline 0.002 -20"><span class='ocrx_word' id='word_1_145' title='bbox 85 2460 136 2520; x_wconf 82' lang='lat'><strong>33.</strong></span> <span class='ocrx_word' id='word_1_146' title='bbox 159 2477 187 2521; x_wconf 86' lang='grc' dir='ltr'><strong>σ.</strong></span> <span class='ocrx_word' id='word_1_147' title='bbox 217 2455 371 2523; x_wconf 75' lang='lat' dir='ltr'><strong>tvalere</strong></span> <span class='ocrx_word' id='word_1_148' title='bbox 392 2458 491 2534; x_wconf 89' lang='lat' dir='ltr'><strong>iubet,</strong></span> <span class='ocrx_word' id='word_1_149' title='bbox 514 2457 594 2523; x_wconf 87' lang='lat' dir='ltr'><strong>item</strong></span> <span class='ocrx_word' id='word_1_150' title='bbox 623 2458 772 2522; x_wconf 82' lang='lat' dir='ltr'><strong>Bezanas</strong></span> <span class='ocrx_word' id='word_1_151' title='bbox 800 2454 880 2519; x_wconf 75' lang='lat' dir='ltr'><strong>diras</strong></span> <span class='ocrx_word' id='word_1_152' title='bbox 908 2455 951 2520; x_wconf 91' lang='lat' dir='ltr'><strong>X.</strong></span> <span class='ocrx_word' id='word_1_153' title='bbox 986 2459 1032 2519; x_wconf 88' lang='lat'><strong>18.</strong></span> <span class='ocrx_word' id='word_1_154' title='bbox 1064 2461 1112 2535; x_wconf 80' lang='lat'><strong>50,</strong></span> <span class='ocrx_word' id='word_1_155' title='bbox 1141 2456 1176 2520; x_wconf 93' lang='lat' dir='ltr'><strong>in</strong></span> <span class='ocrx_word' id='word_1_156' title='bbox 1204 2456 1322 2538; x_wconf 90' lang='lat' dir='ltr'><strong>quibus</strong></span> 
     </span>
     <span class='ocr_line' id='line_1_22' title="bbox 82 2540 1322 2626; baseline -0.001 -18"><span class='ocrx_word' id='word_1_157' title='bbox 82 2541 236 2608; x_wconf 87' lang='lat' dir='ltr'><strong>omnibus</strong></span> <span class='ocrx_word' id='word_1_158' title='bbox 258 2541 300 2606; x_wconf 90' lang='lat' dir='ltr'><strong>ad</strong></span> <span class='ocrx_word' id='word_1_159' title='bbox 323 2541 539 2626; x_wconf 83' lang='lat' dir='ltr'><strong>Stephanicas</strong></span> <span class='ocrx_word' id='word_1_160' title='bbox 562 2541 683 2608; x_wconf 86' lang='lat' dir='ltr'><strong>transit</strong></span> <span class='ocrx_word' id='word_1_161' title='bbox 690 2566 697 2620; x_wconf 93' lang='lat'>;</span> <span class='ocrx_word' id='word_1_162' title='bbox 721 2541 778 2606; x_wconf 88' lang='lat' dir='ltr'><strong>sed</strong></span> <span class='ocrx_word' id='word_1_163' title='bbox 799 2543 922 2606; x_wconf 87' lang='lat' dir='ltr'><strong>Bezam</strong></span> <span class='ocrx_word' id='word_1_164' title='bbox 944 2541 1060 2608; x_wconf 90' lang='lat' dir='ltr'><strong>ducem</strong></span> <span class='ocrx_word' id='word_1_165' title='bbox 1082 2543 1225 2624; x_wconf 83' lang='lat' dir='ltr'><strong>praefert</strong></span> <span class='ocrx_word' id='word_1_166' title='bbox 1247 2540 1322 2607; x_wconf 83' lang='lat' dir='ltr'><strong>Ste-</strong></span> 
     </span>
     <span class='ocr_line' id='line_1_23' title="bbox 80 2626 1321 2712; baseline 0 -20"><span class='ocrx_word' id='word_1_167' title='bbox 80 2626 193 2712; x_wconf 86' lang='lat' dir='ltr'><strong>phano</strong></span> <span class='ocrx_word' id='word_1_168' title='bbox 220 2627 272 2694; x_wconf 88' lang='lat' dir='ltr'><strong>bis</strong></span> <span class='ocrx_word' id='word_1_169' title='bbox 295 2627 354 2712; x_wconf 85' lang='lat' dir='ltr'><strong>(X.</strong></span> <span class='ocrx_word' id='word_1_170' title='bbox 388 2635 433 2694; x_wconf 88' lang='lat'><strong>11.</strong></span> <span class='ocrx_word' id='word_1_171' title='bbox 468 2634 529 2707; x_wconf 84' lang='grc'><strong>14).</strong></span> <span class='ocrx_word' id='word_1_172' title='bbox 573 2630 659 2694; x_wconf 91' lang='lat' dir='ltr'><strong>Item</strong></span> <span class='ocrx_word' id='word_1_173' title='bbox 681 2627 946 2694; x_wconf 74' lang='lat' dir='ltr'><strong>Schmidtianum</strong></span> <span class='ocrx_word' id='word_1_174' title='bbox 973 2633 1003 2690; x_wconf 83' lang='grc' dir='ltr'><strong>ἐν</strong></span> <span class='ocrx_word' id='word_1_175' title='bbox 1024 2628 1107 2710; x_wconf 77' lang='grc' dir='ltr'><em>τάχει</em></span> <span class='ocrx_word' id='word_1_176' title='bbox 1137 2629 1200 2710; x_wconf 85' lang='lat' dir='ltr'><strong>Ap.</strong></span> <span class='ocrx_word' id='word_1_177' title='bbox 1231 2631 1260 2706; x_wconf 75' lang='lat' dir='ltr'><strong>t,</strong></span> <span class='ocrx_word' id='word_1_178' title='bbox 1293 2633 1321 2692; x_wconf 84' lang='lat'><strong>5.</strong></span> 
     </span>
     <span class='ocr_line' id='line_1_24' title="bbox 82 2712 1324 2799; baseline -0.005 -18"><span class='ocrx_word' id='word_1_179' title='bbox 82 2712 237 2798; x_wconf 86' lang='lat' dir='ltr'><strong>repudiat</strong></span> <span class='ocrx_word' id='word_1_180' title='bbox 263 2713 395 2798; x_wconf 88' lang='lat' dir='ltr'><strong>dempta</strong></span> <span class='ocrx_word' id='word_1_181' title='bbox 422 2717 670 2799; x_wconf 87' lang='lat' dir='ltr'><strong>praepositione.</strong></span> <span class='ocrx_word' id='word_1_182' title='bbox 720 2716 793 2780; x_wconf 84' lang='lat' dir='ltr'><strong>Act.</strong></span> <span class='ocrx_word' id='word_1_183' title='bbox 828 2719 875 2792; x_wconf 85' lang='grc'><strong>17,</strong></span> <span class='ocrx_word' id='word_1_184' title='bbox 908 2717 956 2781; x_wconf 80' lang='grc'><strong>15,</strong></span> <span class='ocrx_word' id='word_1_185' title='bbox 988 2714 1044 2799; x_wconf 84' lang='lat' dir='ltr'><strong>(X.</strong></span> <span class='ocrx_word' id='word_1_186' title='bbox 1083 2717 1136 2796; x_wconf 86' lang='grc'><strong>19)</strong></span> <span class='ocrx_word' id='word_1_187' title='bbox 1165 2714 1245 2798; x_wconf 82' lang='lat' dir='ltr'><strong>legit</strong></span> <span class='ocrx_word' id='word_1_188' title='bbox 1273 2718 1324 2776; x_wconf 73' lang='lat' dir='ltr'><strong>nat</strong></span> 
     </span>
     <span class='ocr_line' id='line_1_25' title="bbox 83 2799 1323 2885; baseline 0.001 -21"><span class='ocrx_word' id='word_1_189' title='bbox 83 2799 178 2878; x_wconf 70' lang='grc' dir='ltr'><strong><em>πνοήν</em></strong></span> <span class='ocrx_word' id='word_1_190' title='bbox 204 2803 255 2864; x_wconf 67' lang='grc' dir='ltr'><strong>καὶ</strong></span> <span class='ocrx_word' id='word_1_191' title='bbox 281 2800 391 2878; x_wconf 74' lang='grc' dir='ltr'><strong>πάντα,</strong></span> <span class='ocrx_word' id='word_1_192' title='bbox 414 2802 461 2867; x_wconf 87' lang='lat' dir='ltr'><strong>Ic.</strong></span> <span class='ocrx_word' id='word_1_193' title='bbox 492 2805 520 2880; x_wconf 86' lang='grc'><strong>6,</strong></span> <span class='ocrx_word' id='word_1_194' title='bbox 552 2809 599 2868; x_wconf 86' lang='lat' dir='ltr'><strong>ll.</strong></span> <span class='ocrx_word' id='word_1_195' title='bbox 628 2801 710 2885; x_wconf 79' lang='lat' dir='ltr'><strong>legit</strong></span> <span class='ocrx_word' id='word_1_196' title='bbox 732 2799 842 2864; x_wconf 78' lang='grc' dir='ltr'><em>δέδωκε</em></span> <span class='ocrx_word' id='word_1_197' title='bbox 868 2821 927 2883; x_wconf 87' lang='lat' dir='ltr'><strong>pro</strong></span> <span class='ocrx_word' id='word_1_198' title='bbox 955 2799 1077 2864; x_wconf 76' lang='grc' dir='ltr'><strong>διέδωκε</strong></span> <span class='ocrx_word' id='word_1_199' title='bbox 1106 2823 1189 2883; x_wconf 84' lang='lat' dir='ltr'><strong>quae</strong></span> <span class='ocrx_word' id='word_1_200' title='bbox 1217 2821 1323 2865; x_wconf 84' lang='lat' dir='ltr'><strong>novae</strong></span> 
     </span>
     <span class='ocr_line' id='line_1_26' title="bbox 72 2886 1323 2972; baseline 0.002 -20"><span class='ocrx_word' id='word_1_201' title='bbox 72 2887 244 2967; x_wconf 41' lang='lat' dir='ltr'><strong>‚lectiones</strong></span> <span class='ocrx_word' id='word_1_202' title='bbox 264 2887 336 2955; x_wconf 85' lang='lat' dir='ltr'><strong>sive</strong></span> <span class='ocrx_word' id='word_1_203' title='bbox 362 2888 444 2954; x_wconf 85' lang='lat' dir='ltr'><strong>vitia</strong></span> <span class='ocrx_word' id='word_1_204' title='bbox 466 2889 574 2971; x_wconf 89' lang='lat' dir='ltr'><strong>potius</strong></span> <span class='ocrx_word' id='word_1_205' title='bbox 600 2889 637 2954; x_wconf 93' lang='lat' dir='ltr'><strong>in</strong></span> <span class='ocrx_word' id='word_1_206' title='bbox 659 2889 770 2972; x_wconf 90' lang='lat' dir='ltr'><strong>plures</strong></span> <span class='ocrx_word' id='word_1_207' title='bbox 797 2886 950 2972; x_wconf 88' lang='lat' dir='ltr'><strong>deinceps</strong></span> <span class='ocrx_word' id='word_1_208' title='bbox 977 2887 1136 2954; x_wconf 89' lang='lat' dir='ltr'><strong>editiones</strong></span> <span class='ocrx_word' id='word_1_209' title='bbox 1162 2886 1323 2956; x_wconf 80' lang='lat' dir='ltr'><strong>translata</strong></span> 
     </span>
     <span class='ocr_line' id='line_1_27' title="bbox 82 2979 173 3040; baseline -0.011 0"><span class='ocrx_word' id='word_1_210' title='bbox 82 2979 173 3040; x_wconf 87' lang='lat' dir='ltr'><strong>sunt.</strong></span> 
     </span>
    </p>
   </div>
   <div class='ocr_carea' id='block_1_8' title="bbox 87 3148 1322 3300">
    <p class='ocr_par' dir='ltr' id='par_1_9' title="bbox 87 3148 1322 3300">
     <span class='ocr_line' id='line_1_28' title="bbox 87 3148 1322 3296; baseline -0.002 -88"><span class='ocrx_word' id='word_1_211' title='bbox 87 3148 163 3211; x_wconf 78' lang='lat'><strong>15.*</strong></span> <span class='ocrx_word' id='word_1_212' title='bbox 205 3148 485 3212; x_wconf 73' lang='lat' dir='ltr'><strong>FRANCOFURTI</strong></span> <span class='ocrx_word' id='word_1_213' title='bbox 507 3155 547 3209; x_wconf 83' lang='lat' dir='ltr'><strong>ud</strong></span> <span class='ocrx_word' id='word_1_214' title='bbox 567 3155 700 3296; x_wconf 45' lang='lat' dir='ltr'><strong>mollin}</strong></span> <span class='ocrx_word' id='word_1_215' title='bbox 719 3155 791 3295; x_wconf 48' lang='lat' dir='ltr'><strong>type}</strong></span> <span class='ocrx_word' id='word_1_216' title='bbox 812 3162 838 3209; x_wconf 85' lang='lat' dir='ltr'><strong>ct</strong></span> <span class='ocrx_word' id='word_1_217' title='bbox 858 3153 988 3225; x_wconf 77' lang='lat' dir='ltr'><strong>impensis</strong></span> <span class='ocrx_word' id='word_1_218' title='bbox 1009 3151 1103 3206; x_wconf 80' lang='lat' dir='ltr'><strong>Boltt.</strong></span> <span class='ocrx_word' id='word_1_219' title='bbox 1123 3149 1188 3221; x_wconf 74' lang='lat' dir='ltr'><strong>Ope.</strong></span> <span class='ocrx_word' id='word_1_220' title='bbox 1214 3151 1322 3207; x_wconf 80' lang='lat' dir='ltr'><strong>Wostta&#39;.</strong></span> 
     </span>
     <span class='ocr_line' id='line_1_29' title="bbox 622 3242 797 3300; baseline 0.017 -4"><span class='ocrx_word' id='word_1_221' title='bbox 622 3242 634 3296; x_wconf 93' lang='lat' dir='ltr'><strong>l</strong></span> <span class='ocrx_word' id='word_1_222' title='bbox 704 3285 711 3300; x_wconf 88' lang='lat'><strong>.</strong></span> <span class='ocrx_word' id='word_1_223' title='bbox 749 3242 759 3296; x_wconf 91' lang='lat' dir='ltr'><strong>l</strong></span> <span class='ocrx_word' id='word_1_224' title='bbox 790 3286 797 3300; x_wconf 85' lang='lat'><strong>.</strong></span> 
     </span>
    </p>
   </div>
   <div class='ocr_carea' id='block_1_9' title="bbox 171 3353 1270 3436">
    <p class='ocr_par' dir='ltr' id='par_1_10' title="bbox 171 3353 1270 3436">
     <span class='ocr_line' id='line_1_30' title="bbox 171 3353 1270 3436; baseline -0.004 -16"><span class='ocrx_word' id='word_1_225' title='bbox 171 3353 429 3422; x_wconf 77' lang='lat' dir='ltr'><strong>Accumtissime</strong></span> <span class='ocrx_word' id='word_1_226' title='bbox 451 3355 605 3421; x_wconf 87' lang='lat' dir='ltr'><strong>describit</strong></span> <span class='ocrx_word' id='word_1_227' title='bbox 626 3353 876 3436; x_wconf 86' lang='lat' dir='ltr'><strong>praecedentem</strong></span> <span class='ocrx_word' id='word_1_228' title='bbox 898 3353 969 3420; x_wconf 88' lang='lat' dir='ltr'><strong>sinc</strong></span> <span class='ocrx_word' id='word_1_229' title='bbox 990 3353 1060 3418; x_wconf 89' lang='lat' dir='ltr'><strong>ulla</strong></span> <span class='ocrx_word' id='word_1_230' title='bbox 1081 3353 1270 3418; x_wconf 88' lang='lat' dir='ltr'><strong>mutatione.</strong></span> 
     </span>
    </p>
   </div>
   <div class='ocr_carea' id='block_1_10' title="bbox 87 3557 1323 3715">
    <p class='ocr_par' dir='ltr' id='par_1_11' title="bbox 87 3557 1323 3715">
     <span class='ocr_line' id='line_1_31' title="bbox 87 3557 1323 3715; baseline 0 -94"><span class='ocrx_word' id='word_1_231' title='bbox 87 3557 159 3622; x_wconf 75' lang='lat' dir='ltr'><strong>lt*</strong></span> <span class='ocrx_word' id='word_1_232' title='bbox 201 3562 481 3625; x_wconf 70' lang='lat' dir='ltr'>FRANOOFURTI</span> <span class='ocrx_word' id='word_1_233' title='bbox 501 3570 541 3624; x_wconf 83' lang='lat' dir='ltr'><strong>ud</strong></span> <span class='ocrx_word' id='word_1_234' title='bbox 561 3569 701 3715; x_wconf 57' lang='lat' dir='ltr'><strong>Moarteugc31</strong></span> <span class='ocrx_word' id='word_1_235' title='bbox 713 3568 784 3709; x_wconf 52' lang='lat' dir='ltr'><strong>type}</strong></span> <span class='ocrx_word' id='word_1_236' title='bbox 806 3575 832 3623; x_wconf 84' lang='lat' dir='ltr'><strong>et</strong></span> <span class='ocrx_word' id='word_1_237' title='bbox 853 3568 981 3640; x_wconf 78' lang='lat' dir='ltr'><strong>impensis</strong></span> <span class='ocrx_word' id='word_1_238' title='bbox 1003 3567 1097 3622; x_wconf 69' lang='lat' dir='ltr'><strong>Baete.</strong></span> <span class='ocrx_word' id='word_1_239' title='bbox 1121 3566 1186 3638; x_wconf 79' lang='lat' dir='ltr'><strong>Opi.</strong></span> <span class='ocrx_word' id='word_1_240' title='bbox 1215 3568 1323 3623; x_wconf 79' lang='lat' dir='ltr'><strong>Waatir&#39;.</strong></span> 
     </span>
     <span class='ocr_line' id='line_1_32' title="bbox 618 3655 791 3710; baseline -0.006 0"><span class='ocrx_word' id='word_1_241' title='bbox 618 3655 632 3710; x_wconf 91' lang='lat' dir='ltr'><strong>l</strong></span> <span class='ocrx_word' id='word_1_242' title='bbox 703 3697 708 3709; x_wconf 91' lang='lat'>.</span> <span class='ocrx_word' id='word_1_243' title='bbox 745 3655 756 3710; x_wconf 92' lang='lat' dir='ltr'><strong>l</strong></span> <span class='ocrx_word' id='word_1_244' title='bbox 786 3696 791 3709; x_wconf 92' lang='lat'><strong><em>.</em></strong></span> 
     </span>
    </p>
   </div>
   <div class='ocr_carea' id='block_1_11' title="bbox 81 3782 1323 4215">
    <p class='ocr_par' dir='ltr' id='par_1_12' title="bbox 81 3782 1323 4215">
     <span class='ocr_line' id='line_1_33' title="bbox 172 3782 1323 3869; baseline 0.004 -21"><span class='ocrx_word' id='word_1_245' title='bbox 172 3782 270 3864; x_wconf 80' lang='lat' dir='ltr'><strong>Quod</strong></span> <span class='ocrx_word' id='word_1_246' title='bbox 291 3784 342 3850; x_wconf 85' lang='lat' dir='ltr'><strong>Le</strong></span> <span class='ocrx_word' id='word_1_247' title='bbox 363 3784 511 3869; x_wconf 80' lang='lat' dir='ltr'><strong>Longius</strong></span> <span class='ocrx_word' id='word_1_248' title='bbox 534 3785 613 3851; x_wconf 89' lang='lat' dir='ltr'><strong>dicit</strong></span> <span class='ocrx_word' id='word_1_249' title='bbox 633 3787 738 3851; x_wconf 83' lang='lat' dir='ltr'><strong>forma</strong></span> <span class='ocrx_word' id='word_1_250' title='bbox 758 3788 967 3869; x_wconf 86' lang='lat' dir='ltr'><strong>quaternaria</strong></span> <span class='ocrx_word' id='word_1_251' title='bbox 989 3786 1051 3853; x_wconf 91' lang='lat' dir='ltr'><strong>hoc</strong></span> <span class='ocrx_word' id='word_1_252' title='bbox 1073 3807 1158 3852; x_wconf 88' lang='lat' dir='ltr'><strong>anno</strong></span> <span class='ocrx_word' id='word_1_253' title='bbox 1177 3786 1323 3853; x_wconf 77' lang='lat' dir='ltr'><strong>Franco·</strong></span> 
     </span>
     <span class='ocr_line' id='line_1_34' title="bbox 81 3869 1322 3951; baseline -0.002 -10"><span class='ocrx_word' id='word_1_254' title='bbox 81 3870 165 3941; x_wconf 77' lang='lat' dir='ltr'><strong>furti</strong></span> <span class='ocrx_word' id='word_1_255' title='bbox 185 3869 226 3936; x_wconf 89' lang='lat' dir='ltr'><strong>N.</strong></span> <span class='ocrx_word' id='word_1_256' title='bbox 250 3872 285 3936; x_wconf 79' lang='grc' dir='ltr'><strong>Τ.</strong></span> <span class='ocrx_word' id='word_1_257' title='bbox 310 3891 468 3938; x_wconf 86' lang='lat' dir='ltr'><strong>excusum</strong></span> <span class='ocrx_word' id='word_1_258' title='bbox 495 3894 574 3951; x_wconf 85' lang='lat' dir='ltr'><strong>esse,</strong></span> <span class='ocrx_word' id='word_1_259' title='bbox 602 3873 636 3938; x_wconf 91' lang='lat' dir='ltr'><strong>id</strong></span> <span class='ocrx_word' id='word_1_260' title='bbox 658 3895 724 3938; x_wconf 91' lang='lat' dir='ltr'><strong>non</strong></span> <span class='ocrx_word' id='word_1_261' title='bbox 747 3871 788 3937; x_wconf 89' lang='lat' dir='ltr'><strong>de</strong></span> <span class='ocrx_word' id='word_1_262' title='bbox 809 3873 871 3939; x_wconf 89' lang='lat' dir='ltr'><strong>hac</strong></span> <span class='ocrx_word' id='word_1_263' title='bbox 898 3880 1009 3939; x_wconf 87' lang='lat' dir='ltr'><strong>nostra</strong></span> <span class='ocrx_word' id='word_1_264' title='bbox 1036 3873 1148 3940; x_wconf 83' lang='lat' dir='ltr'><strong>valere</strong></span> <span class='ocrx_word' id='word_1_265' title='bbox 1177 3873 1322 3938; x_wconf 85' lang='lat' dir='ltr'><strong>credide-</strong></span> 
     </span>
     <span class='ocr_line' id='line_1_35' title="bbox 82 3956 1322 4043; baseline 0.001 -20"><span class='ocrx_word' id='word_1_266' title='bbox 82 3957 159 4035; x_wconf 90' lang='lat' dir='ltr'><strong>rim,</strong></span> <span class='ocrx_word' id='word_1_267' title='bbox 182 3956 241 4023; x_wconf 86' lang='lat' dir='ltr'><strong>sed</strong></span> <span class='ocrx_word' id='word_1_268' title='bbox 261 3957 371 4040; x_wconf 91' lang='lat' dir='ltr'><strong>potius</strong></span> <span class='ocrx_word' id='word_1_269' title='bbox 393 3957 434 4023; x_wconf 89' lang='lat' dir='ltr'><strong>do</strong></span> <span class='ocrx_word' id='word_1_270' title='bbox 453 3958 686 4024; x_wconf 87' lang='lat' dir='ltr'><strong>Lensdeniana</strong></span> <span class='ocrx_word' id='word_1_271' title='bbox 708 3959 807 4024; x_wconf 87' lang='lat' dir='ltr'><strong>huius</strong></span> <span class='ocrx_word' id='word_1_272' title='bbox 830 3961 908 4024; x_wconf 87' lang='lat' dir='ltr'><strong>anni</strong></span> <span class='ocrx_word' id='word_1_273' title='bbox 932 3979 1014 4042; x_wconf 89' lang='lat' dir='ltr'><strong>quae</strong></span> <span class='ocrx_word' id='word_1_274' title='bbox 1037 3959 1145 4038; x_wconf 85' lang='lat' dir='ltr'><strong>paullo</strong></span> <span class='ocrx_word' id='word_1_275' title='bbox 1168 3959 1322 4043; x_wconf 83' lang='lat' dir='ltr'><strong>grandior</strong></span> 
     </span>
     <span class='ocr_line' id='line_1_36' title="bbox 83 4043 1321 4127; baseline 0.001 -19"><span class='ocrx_word' id='word_1_276' title='bbox 83 4043 253 4109; x_wconf 89' lang='lat' dir='ltr'><strong>octonaria</strong></span> <span class='ocrx_word' id='word_1_277' title='bbox 280 4043 345 4110; x_wconf 90' lang='lat' dir='ltr'><strong>dici</strong></span> <span class='ocrx_word' id='word_1_278' title='bbox 372 4050 488 4127; x_wconf 86' lang='lat' dir='ltr'><strong>potest.</strong></span> <span class='ocrx_word' id='word_1_279' title='bbox 539 4045 715 4112; x_wconf 75' lang='lat' dir='ltr'><strong>Caeterum</strong></span> <span class='ocrx_word' id='word_1_280' title='bbox 742 4051 854 4111; x_wconf 83' lang='lat' dir='ltr'><strong>textus</strong></span> <span class='ocrx_word' id='word_1_281' title='bbox 883 4046 981 4111; x_wconf 80' lang='lat' dir='ltr'><strong>huius</strong></span> <span class='ocrx_word' id='word_1_282' title='bbox 1010 4046 1208 4112; x_wconf 90' lang='lat' dir='ltr'><strong>Wustianae</strong></span> <span class='ocrx_word' id='word_1_283' title='bbox 1234 4044 1321 4110; x_wconf 87' lang='lat' dir='ltr'><strong>idem</strong></span> 
     </span>
     <span class='ocr_line' id='line_1_37' title="bbox 83 4129 378 4215; baseline -0.003 -18"><span class='ocrx_word' id='word_1_284' title='bbox 83 4151 122 4197; x_wconf 88' lang='lat' dir='ltr'><strong>ac</strong></span> <span class='ocrx_word' id='word_1_285' title='bbox 144 4129 378 4215; x_wconf 84' lang='lat' dir='ltr'><strong>praecedentis</strong></span> 
     </span>
    </p>
   </div>
   <div class='ocr_carea' id='block_1_12' title="bbox 86 4339 1323 4489">
    <p class='ocr_par' dir='ltr' id='par_1_13' title="bbox 86 4339 1323 4489">
     <span class='ocr_line' id='line_1_38' title="bbox 86 4339 1323 4488; baseline -0.002 -85"><span class='ocrx_word' id='word_1_286' title='bbox 86 4342 155 4403; x_wconf 69' lang='lat' dir='ltr'><strong>lt*</strong></span> <span class='ocrx_word' id='word_1_287' title='bbox 185 4339 477 4403; x_wconf 67' lang='lat' dir='ltr'><strong>rRANOOFURTI</strong></span> <span class='ocrx_word' id='word_1_288' title='bbox 497 4347 538 4400; x_wconf 78' lang='lat' dir='ltr'><strong>ad</strong></span> <span class='ocrx_word' id='word_1_289' title='bbox 558 4344 783 4488; x_wconf 45' lang='lat' dir='ltr'><strong>Moeaaogotypg&#39;r</strong></span> <span class='ocrx_word' id='word_1_290' title='bbox 804 4353 830 4401; x_wconf 82' lang='lat' dir='ltr'><strong>at</strong></span> <span class='ocrx_word' id='word_1_291' title='bbox 850 4345 981 4418; x_wconf 73' lang='lat' dir='ltr'><strong>impacata</strong></span> <span class='ocrx_word' id='word_1_292' title='bbox 1001 4344 1095 4402; x_wconf 80' lang='lat' dir='ltr'><strong>Boltt.</strong></span> <span class='ocrx_word' id='word_1_293' title='bbox 1119 4345 1186 4416; x_wconf 76' lang='lat' dir='ltr'><strong>opt.</strong></span> <span class='ocrx_word' id='word_1_294' title='bbox 1215 4346 1323 4403; x_wconf 81' lang='lat' dir='ltr'><strong>Waatii.</strong></span> 
     </span>
     <span class='ocr_line' id='line_1_39' title="bbox 119 4433 781 4489; baseline -0.002 0"><span class='ocrx_word' id='word_1_295' title='bbox 119 4456 123 4463; x_wconf 93' lang='lat'><em>·</em></span> <span class='ocrx_word' id='word_1_296' title='bbox 650 4433 666 4489; x_wconf 82' lang='lat'><strong>7</strong></span> <span class='ocrx_word' id='word_1_297' title='bbox 713 4474 719 4487; x_wconf 89' lang='lat'><em>.</em></span> <span class='ocrx_word' id='word_1_298' title='bbox 775 4475 781 4488; x_wconf 90' lang='lat'>.</span> 
     </span>
    </p>
   </div>
   <div class='ocr_carea' id='block_1_13' title="bbox 81 4560 1342 4741">
    <p class='ocr_par' dir='ltr' id='par_1_14' title="bbox 81 4560 1342 4741">
     <span class='ocr_line' id='line_1_40' title="bbox 158 4560 1323 4647; baseline 0.003 -21"><span class='ocrx_word' id='word_1_299' title='bbox 158 4560 214 4627; x_wconf 79' lang='lat' dir='ltr'><strong>&#39;In</strong></span> <span class='ocrx_word' id='word_1_300' title='bbox 236 4562 299 4630; x_wconf 86' lang='lat' dir='ltr'><strong>hac</strong></span> <span class='ocrx_word' id='word_1_301' title='bbox 318 4563 439 4633; x_wconf 90' lang='lat' dir='ltr'><strong>ultima</strong></span> <span class='ocrx_word' id='word_1_302' title='bbox 460 4562 559 4629; x_wconf 90' lang='lat' dir='ltr'><strong>huius</strong></span> <span class='ocrx_word' id='word_1_303' title='bbox 582 4564 679 4628; x_wconf 88' lang='lat' dir='ltr'><strong>seriei</strong></span> <span class='ocrx_word' id='word_1_304' title='bbox 701 4564 852 4644; x_wconf 87' lang='lat' dir='ltr'><strong>editione,</strong></span> <span class='ocrx_word' id='word_1_305' title='bbox 875 4565 1038 4647; x_wconf 89' lang='lat' dir='ltr'><strong>prioribus</strong></span> <span class='ocrx_word' id='word_1_306' title='bbox 1056 4565 1200 4647; x_wconf 88' lang='lat' dir='ltr'><strong>alioquin</strong></span> <span class='ocrx_word' id='word_1_307' title='bbox 1218 4564 1323 4630; x_wconf 84' lang='lat' dir='ltr'><strong>simil·</strong></span> 
     </span>
     <span class='ocr_line' id='line_1_41' title="bbox 81 4648 1342 4741; baseline -0.002 -27"><span class='ocrx_word' id='word_1_308' title='bbox 81 4648 167 4725; x_wconf 81' lang='lat' dir='ltr'><strong>lima</strong></span> <span class='ocrx_word' id='word_1_309' title='bbox 185 4648 347 4719; x_wconf 83' lang='lat' dir='ltr'><strong>nonnulla</strong></span> <span class='ocrx_word' id='word_1_310' title='bbox 368 4651 404 4720; x_wconf 91' lang='lat' dir='ltr'><strong>in</strong></span> <span class='ocrx_word' id='word_1_311' title='bbox 425 4657 521 4721; x_wconf 85' lang='lat' dir='ltr'><strong>textu</strong></span> <span class='ocrx_word' id='word_1_312' title='bbox 542 4656 667 4720; x_wconf 88' lang='lat' dir='ltr'><strong>mutata</strong></span> <span class='ocrx_word' id='word_1_313' title='bbox 689 4650 900 4741; x_wconf 87' lang='lat' dir='ltr'><strong>deprehendi.</strong></span> <span class='ocrx_word' id='word_1_314' title='bbox 944 4650 1003 4721; x_wconf 76' lang='lat' dir='ltr'><strong>Sic</strong></span> <span class='ocrx_word' id='word_1_315' title='bbox 1023 4652 1131 4719; x_wconf 76' lang='lat' dir='ltr'><strong>Mare.</strong></span> <span class='ocrx_word' id='word_1_316' title='bbox 1145 4655 1188 4732; x_wconf 73' lang='lat' dir='ltr'><strong>t,</strong></span> <span class='ocrx_word' id='word_1_317' title='bbox 1206 4650 1342 4729; x_wconf 20' lang='lat' dir='ltr'><strong>etde--</strong></span> 
     </span>
    </p>
   </div>
   <div class='ocr_carea' id='block_1_14' title="bbox 0 0 1504 5024">
    <p class='ocr_par' dir='ltr' id='par_1_15' title="bbox 0 0 1504 5024">
     <span class='ocr_line' id='line_1_42' title="bbox 0 0 1504 5024; baseline 0 0"><span class='ocrx_word' id='word_1_318' title='bbox 0 0 1504 5024; x_wconf 95' lang='lat' dir='ltr'><strong> </strong></span> 
     </span>
    </p>
   </div>
  </div>
 </body>
</html>
