3000 5024
717 1445 835 1504 CAPUT
851 1448 953 1504 XXIII.

286 1542 646 1720 uniuersas
685 1576 1385 1721 uiscnuunoaumrcnu.

302 1932 434 2013 Agmen
462 1928 678 1995 illustriorum
707 1928 903 2008 criticorum,
933 1928 1047 2014 quiin
1069 1930 1212 1996 eruendo
1233 1935 1328 1996 textu
1349 1929 1393 1997 N.
1416 1931 1453 1997 Τ.

216 2016 403 2081 authentico
431 2037 564 2099 operam
593 2037 687 2081 suam
715 2016 924 2094 collocarunt,
955 2036 1015 2099 pro
1043 2023 1191 2099 tempore
1217 2014 1343 2098 claudit
1367 2015 1454 2084 Gon-

216 2103 382 2167 stantinus
404 2101 628 2181 Tischendorf,
659 2102 821 2184 professor
841 2101 1035 2183 Lipsiensis,
1065 2108 1099 2167 et
1125 2102 1283 2167 itinerum
1311 2101 1402 2168 fama
1422 2111 1456 2167 et

216 2188 420 2255 voluminum
443 2187 624 2273 splendore,
648 2187 788 2272 denique
806 2188 989 2254 studiorum
1012 2189 1095 2255 varii
1113 2189 1243 2272 generis
1266 2193 1300 2253 ct
1316 2208 1456 2254 numero

217 2283 251 2340 et
272 2273 489 2358 amplitudine
520 2274 668 2339 omnium
700 2274 799 2359 longe
832 2274 1041 2340 clarissimus.
1092 2273 1200 2356 Quem
1228 2273 1456 2358 antiquiorum

216 2360 365 2427 codicum
403 2360 630 2426 felicissimum
668 2362 873 2426 inventorem
913 2359 1133 2442 editoremqne
1165 2360 1456 2445 magnificentissi-

215 2468 316 2526 mum,
338 2453 413 2529 post
434 2445 621 2530 exploratos
642 2447 742 2512 totins
763 2447 915 2529 Europae
937 2446 1119 2525 thesauros,
1142 2468 1265 2514 novum
1288 2468 1326 2513 ar
1371 2469 1455 2514 nan·

216 2540 285 2597 tam
308 2532 415 2598 vellus
448 2554 584 2598 aureum
618 2553 659 2597 ex
691 2531 829 2598 orientis
861 2533 1083 2614 penetralibus
1115 2531 1287 2599 advexisse
1344 2534 1352 2549 ”
1379 2534 1455 2613 erla,

216 2618 314 2700 idque
335 2639 402 2684 non
427 2617 568 2702 simplex
590 2623 623 2684 et
645 2619 789 2698 unicum,
812 2639 928 2687 verum
957 2618 1084 2685 iteratis
1111 2619 1237 2687 vicibus
1258 2632 1293 2684 et
1313 2619 1456 2687 subinde

216 2705 332 2770 maiori
356 2725 432 2769 cum
454 2705 559 2788 gloria
580 2714 612 2770 et
634 2705 803 2789 applausu.

299 2790 427 2855 Verum
450 2790 598 2875 singulos
625 2791 696 2856 eius
718 2792 844 2856 labores
866 2788 908 2854 ad
930 2797 1125 2874 apparatum
1146 2792 1298 2859 criticum
1319 2794 1457 2878 conqui-

212 2876 352 2944 rendum
380 2877 567 2961 augendum
596 2876 826 2942 excutiendum
854 2884 888 2943 et
915 2876 1149 2943 illustrandum
1170 2878 1376 2962 pertinentes
1402 2902 1456 2946 re·

213 2985 346 3032 censere
368 2985 388 3029 a
408 2985 481 3029 meo
509 2964 661 3030 instituto
690 2963 837 3030 alienum
866 2972 924 3044 est,
947 2964 1111 3048 nimisque
1133 2964 1268 3049 longum
1289 2963 1394 3048 Ioret3
1416 2988 1456 3034 ac

213 3071 252 3117 eo
281 3050 409 3116 facilius
438 3071 476 3115 eo
506 3051 612 3115 officio
646 3072 698 3114 mc
733 3048 846 3114 abdico
875 3050 962 3132 quod
994 3050 1064 3133 ipsc
1097 3057 1210 3117 nostra
1235 3051 1398 3117 memoria
1418 3051 1456 3119 in

211 3138 363 3222 plurimis
396 3136 509 3202 diariis
543 3136 699 3202 litorariis
726 3143 759 3201 et
782 3136 923 3218 politicis
952 3134 992 3200 de
1014 3137 1114 3203 rebus
1136 3137 1203 3202 suis
1224 3137 1328 3286 {⁰⁵5⁸
1352 3135 1456 3205 verba

213 3223 299 3303 fecit,
323 3230 355 3288 et
378 3223 509 3288 futurae
532 3223 649 3288 aetatis
678 3223 817 3288 lectores
846 3221 887 3286 ad
904 3222 1031 3297 librum
1064 3244 1177 3290 recens
1205 3243 1222 3287 e
1246 3223 1330 3289 itum
1364 3223 1455 3290 able·

212 3331 291 3393 gare
324 3331 457 3392 possum
491 3309 544 3376 cni
577 3308 695 3374 titulus
736 3315 799 3374 est:
826 3307 1007 3374 Constantia
1044 3308 1253 3392 Tacbendors
1286 3309 1321 3374 ia
1351 3310 1456 3377 seicer

211 3395 639 3481 fbafcadawcnae‘pjcibripen
671 3393 990 3476 schriftstellcrisclcec
1024 3394 1255 3462 Wirlcscmleee‘t.
1309 3395 1453 3463 laterar-

211 3480 393 3546 la'stcriscbe
416 3480 528 3546 Sbiaae
551 3481 588 3548 L.
623 3483 712 3544 1862.
758 3479 861 3545 Ocius
889 3487 984 3544 autor
1011 3481 1043 3548 J·
1067 3481 1106 3546 a.
1130 3480 1317 3564 Volbeding
1348 3483 1454 3549 vitam

213 3572 247 3632 et
268 3565 378 3631 studia
401 3569 463 3634 viri
487 3567 665 3634 doctissimi
687 3567 734 3630 ita
756 3565 964 3648 descripsisse
986 3565 1152 3649 putandus
1174 3572 1224 3634 est
1245 3573 1284 3632 nt
1299 3566 1359 3635 ille
1382 3569 1454 3655 ipse

212 3652 254 3718 ad
277 3660 422 3738 posteros
443 3654 495 3720 sui
517 3654 637 3719 lamam
660 3652 829 3736 pervenire
852 3650 993 3719 voluisse
1016 3651 1156 3720 videtur.

298 3739 422 3806 Nostra
443 3739 611 3823 provincia
638 3738 770 3804 nonnisi
801 3745 910 3803 textus
939 3737 979 3805 ad
1008 3737 1156 3805 codicum
1184 3738 1283 3806 fidem
1309 3742 1454 3827 propriis

213 3825 348 3890 editoris
376 3827 463 3892 curis
495 3825 649 3891 recensiti
681 3825 789 3891 varias
820 3825 940 3889 formas
973 3825 1209 3908 complectitur,
1243 3824 1283 3893 de
1323 3826 1452 3912 quibus,

212 3911 356 3996 adeoque
379 3912 419 3978 de
440 3912 544 3996 ipsius
576 3911 682 3976 critici
713 3911 749 3975 in
780 3909 842 3976 hac
875 3916 969 3992 parte
1003 3911 1129 3978 meritis
1157 3933 1259 3997 penes
1286 3935 1345 3980 eos
1373 3915 1452 3982 olirn

212 3998 369 4064 iudicium
392 4000 464 4078 erit,
488 3998 542 4082 qui
571 3997 736 4064 laboribus
765 3997 835 4062 eius
864 3995 986 4062 diutius
1017 4004 1050 4062 et
1079 3998 1268 4083 diligentius
1294 4000 1350 4068 nsi
1379 4008 1450 4068 tan·

213 4083 288 4150 dem
311 4086 484 4168 aliqnando
505 4086 644 4149 fortasse
665 4082 822 4148 librorum
853 4103 1020 4148 sacrorum
1042 4090 1171 4150 textum
1192 4087 1397 4155 constituent
1416 4088 1451 4154 in

115 4167 120 4177 “
212 4192 277 4253 quo
309 4170 461 4255 deinceps
495 4177 569 4234 tuto
597 4178 630 4234 et
662 4190 776 4234 secure
810 4169 1017 4251 acquiescant
1045 4177 1330 4240 commentatores.
1376 4173 1449 4259 Ipse

213 4257 302 4320 enim
324 4256 601 4338 Tischcndorfius,
635 4255 845 4337 quantumvis
866 4255 1034 4337 praeclara
1061 4257 1161 4322 fuerit
1188 4257 1259 4324 ein‘s
1287 4259 1448 4328 industria

212 4339 248 4405 in
280 4341 471 4427 colligendis
504 4340 751 4425 aperiendisque
784 4341 904 4407 veteris
936 4342 1117 4425 scripturae
1149 4348 1386 4429 monumentis,
1416 4347 1446 4413 in

215 4425 428 4493 diiudicandis
449 4428 646 4495 lectionibus
671 4426 782 4492 varius
802 4426 864 4491 fuit
887 4434 919 4491 ct
936 4428 1049 4493 minus
1067 4427 1130 4494 sibi
1151 4436 1317 4508 constans,
1336 4433 1386 4501 ita
1405 4439 1444 4508 nt

214 4534 277 4593 quo
310 4513 404 4580 modo
438 4515 477 4581 de
517 4521 611 4579 textu
645 4512 911 4592 Griesbachiano,
945 4514 1156 4599 Knappiano,
1175 4507 1444 4587 Lacbmanniano

84 4656 88 4671 ι
202 4595 383 4682 loquimur,
416 4623 453 4670 eo
477 4597 810 4672 Tischendorfianum
834 4597 975 4684 aliquem
1007 4622 1075 4668 non
1107 4600 1300 4688 habeamus,
1333 4606 1442 4693 quippe
