<?xml version="1.0" encoding="UTF-8"?>
<!DOCTYPE html PUBLIC "-//W3C//DTD XHTML 1.0 Transitional//EN"
    "http://www.w3.org/TR/xhtml1/DTD/xhtml1-transitional.dtd">
<html xmlns="http://www.w3.org/1999/xhtml" xml:lang="en" lang="en">
 <head>
  <title>
</title>
<meta http-equiv="Content-Type" content="text/html;charset=utf-8" />
  <meta name='ocr-system' content='tesseract 3.04.00' />
  <meta name='ocr-capabilities' content='ocr_page ocr_carea ocr_par ocr_line ocrx_word'/>
</head>
<body>
  <div class='ocr_page' id='page_1' title='image "./bibliothecanovi00reusgoog_0040.png"; bbox 0 0 3000 5024; ppageno 0'>
   <div class='ocr_carea' id='block_1_1' title="bbox 56 226 1291 294">
    <p class='ocr_par' dir='ltr' id='par_1_1' title="bbox 56 226 1291 294">
     <span class='ocr_line' id='line_1_1' title="bbox 56 226 1291 294; baseline -0.002 -10"><span class='ocrx_word' id='word_1_1' title='bbox 56 229 80 284; x_wconf 89' lang='lat' dir='ltr'>T</span> <span class='ocrx_word' id='word_1_2' title='bbox 459 226 584 283; x_wconf 74' lang='lat' dir='ltr'>aomo</span> <span class='ocrx_word' id='word_1_3' title='bbox 603 226 889 285; x_wconf 71' lang='lat' dir='ltr'>OOMPLUTENSIS·</span> <span class='ocrx_word' id='word_1_4' title='bbox 1251 232 1291 294; x_wconf 77' lang='lat'>25</span> 
     </span>
    </p>
   </div>
   <div class='ocr_carea' id='block_1_2' title="bbox 55 399 1293 920">
    <p class='ocr_par' dir='ltr' id='par_1_2' title="bbox 55 399 1293 920">
     <span class='ocr_line' id='line_1_2' title="bbox 141 399 1293 487; baseline 0 -19"><span class='ocrx_word' id='word_1_5' title='bbox 141 402 324 486; x_wconf 79' lang='lat' dir='ltr'>Exemplar</span> <span class='ocrx_word' id='word_1_6' title='bbox 345 401 581 487; x_wconf 85' lang='lat' dir='ltr'>Oomplutense</span> <span class='ocrx_word' id='word_1_7' title='bbox 609 402 645 467; x_wconf 93' lang='lat' dir='ltr'>in</span> <span class='ocrx_word' id='word_1_8' title='bbox 668 399 857 468; x_wconf 88' lang='lat' dir='ltr'>collectione</span> <span class='ocrx_word' id='word_1_9' title='bbox 889 420 963 467; x_wconf 88' lang='lat' dir='ltr'>mea</span> <span class='ocrx_word' id='word_1_10' title='bbox 985 421 1052 466; x_wconf 91' lang='lat' dir='ltr'>non</span> <span class='ocrx_word' id='word_1_11' title='bbox 1082 407 1206 482; x_wconf 84' lang='lat' dir='ltr'>exstat,</span> <span class='ocrx_word' id='word_1_12' title='bbox 1235 401 1293 468; x_wconf 89' lang='lat' dir='ltr'>sed</span> 
     </span>
     <span class='ocr_line' id='line_1_3' title="bbox 55 487 1293 572; baseline -0.002 -16"><span class='ocrx_word' id='word_1_13' title='bbox 55 489 161 556; x_wconf 90' lang='lat' dir='ltr'>habui</span> <span class='ocrx_word' id='word_1_14' title='bbox 182 511 224 556; x_wconf 84' lang='lat' dir='ltr'>ex</span> <span class='ocrx_word' id='word_1_15' title='bbox 241 490 439 556; x_wconf 87' lang='lat' dir='ltr'>bibliotheca</span> <span class='ocrx_word' id='word_1_16' title='bbox 463 489 633 556; x_wconf 87' lang='lat' dir='ltr'>seminarii</span> <span class='ocrx_word' id='word_1_17' title='bbox 649 487 948 572; x_wconf 84' lang='lat' dir='ltr'>Argentoratensis,</span> <span class='ocrx_word' id='word_1_18' title='bbox 969 487 1068 553; x_wconf 89' lang='lat' dir='ltr'>hodie</span> <span class='ocrx_word' id='word_1_19' title='bbox 1087 509 1163 556; x_wconf 91' lang='lat' dir='ltr'>cum</span> <span class='ocrx_word' id='word_1_20' title='bbox 1179 488 1293 554; x_wconf 90' lang='lat' dir='ltr'>multis</span> 
     </span>
     <span class='ocr_line' id='line_1_4' title="bbox 58 574 1292 661; baseline -0.003 -17"><span class='ocrx_word' id='word_1_21' title='bbox 58 577 132 644; x_wconf 80' lang='lat' dir='ltr'>aliis</span> <span class='ocrx_word' id='word_1_22' title='bbox 159 582 320 657; x_wconf 79' lang='grc' dir='ltr'><strong><em>κειμηλίοις</em></strong></span> <span class='ocrx_word' id='word_1_23' title='bbox 346 577 451 661; x_wconf 89' lang='lat' dir='ltr'>iisque</span> <span class='ocrx_word' id='word_1_24' title='bbox 480 577 585 661; x_wconf 88' lang='lat' dir='ltr'>magis</span> <span class='ocrx_word' id='word_1_25' title='bbox 614 576 712 641; x_wconf 88' lang='lat' dir='ltr'>etiam</span> <span class='ocrx_word' id='word_1_26' title='bbox 747 574 940 641; x_wconf 89' lang='lat' dir='ltr'>desideratis</span> <span class='ocrx_word' id='word_1_27' title='bbox 967 577 1094 640; x_wconf 91' lang='lat' dir='ltr'>nefasto</span> <span class='ocrx_word' id='word_1_28' title='bbox 1126 575 1203 659; x_wconf 87' lang='lat' dir='ltr'>igne</span> <span class='ocrx_word' id='word_1_29' title='bbox 1236 574 1292 640; x_wconf 91' lang='lat' dir='ltr'>de·</span> 
     </span>
     <span class='ocr_line' id='line_1_5' title="bbox 57 663 1292 834; baseline -0.002 -20"><span class='ocrx_word' id='word_1_30' title='bbox 57 663 272 815; x_wconf 53' lang='lat' dir='ltr'>letlmbertus</span> <span class='ocrx_word' id='word_1_31' title='bbox 295 748 537 834; x_wconf 82' lang='lat' dir='ltr'>Oomplutensis</span> <span class='ocrx_word' id='word_1_32' title='bbox 558 769 662 833; x_wconf 91' lang='lat' dir='ltr'>purus</span> <span class='ocrx_word' id='word_1_33' title='bbox 686 753 720 811; x_wconf 92' lang='lat' dir='ltr'>et</span> <span class='ocrx_word' id='word_1_34' title='bbox 742 746 950 813; x_wconf 87' lang='lat' dir='ltr'>authenticus</span> <span class='ocrx_word' id='word_1_35' title='bbox 975 769 995 812; x_wconf 90' lang='lat' dir='ltr'>a</span> <span class='ocrx_word' id='word_1_36' title='bbox 1016 747 1183 814; x_wconf 84' lang='lat' dir='ltr'>veteribus</span> <span class='ocrx_word' id='word_1_37' title='bbox 1206 770 1292 812; x_wconf 92' lang='lat' dir='ltr'>nun-</span> 
     </span>
     <span class='ocr_line' id='line_1_6' title="bbox 57 832 1292 920; baseline -0.003 -18"><span class='ocrx_word' id='word_1_38' title='bbox 57 857 158 920; x_wconf 87' lang='lat' dir='ltr'>quam</span> <span class='ocrx_word' id='word_1_39' title='bbox 186 837 345 918; x_wconf 90' lang='lat' dir='ltr'>repetitus</span> <span class='ocrx_word' id='word_1_40' title='bbox 374 845 440 914; x_wconf 88' lang='lat' dir='ltr'>est,</span> <span class='ocrx_word' id='word_1_41' title='bbox 474 835 561 917; x_wconf 92' lang='lat' dir='ltr'>qnod</span> <span class='ocrx_word' id='word_1_42' title='bbox 588 835 695 919; x_wconf 89' lang='lat' dir='ltr'>operis</span> <span class='ocrx_word' id='word_1_43' title='bbox 723 834 829 916; x_wconf 91' lang='lat' dir='ltr'>pretio</span> <span class='ocrx_word' id='word_1_44' title='bbox 857 843 890 899; x_wconf 93' lang='lat' dir='ltr'>et</span> <span class='ocrx_word' id='word_1_45' title='bbox 916 834 1044 898; x_wconf 89' lang='lat' dir='ltr'>raritati</span> <span class='ocrx_word' id='word_1_46' title='bbox 1072 832 1292 913; x_wconf 88' lang='lat' dir='ltr'>tribuendum,</span> 
     </span>
    </p>
   </div>
   <div class='ocr_carea' id='block_1_3' title="bbox 58 920 1419 1005">
    <p class='ocr_par' dir='ltr' id='par_1_3' title="bbox 58 920 1419 1005">
     <span class='ocr_line' id='line_1_7' title="bbox 58 920 1419 1005; baseline -0.005 -17"><span class='ocrx_word' id='word_1_47' title='bbox 58 923 154 988; x_wconf 87' lang='lat' dir='ltr'>euius</span> <span class='ocrx_word' id='word_1_48' title='bbox 177 923 379 1005; x_wconf 82' lang='lat' dir='ltr'>exemplaria</span> <span class='ocrx_word' id='word_1_49' title='bbox 404 925 440 986; x_wconf 91' lang='lat' dir='ltr'>in</span> <span class='ocrx_word' id='word_1_50' title='bbox 459 921 630 986; x_wconf 84' lang='lat' dir='ltr'>ditioribus</span> <span class='ocrx_word' id='word_1_51' title='bbox 653 920 858 986; x_wconf 74' lang='lat' dir='ltr'>bibliothecis</span> <span class='ocrx_word' id='word_1_52' title='bbox 882 920 1055 987; x_wconf 89' lang='lat' dir='ltr'>adservata</span> <span class='ocrx_word' id='word_1_53' title='bbox 1073 921 1293 1005; x_wconf 88' lang='lat' dir='ltr'>typographo·</span> <span class='ocrx_word' id='word_1_54' title='bbox 1416 975 1419 981; x_wconf 87' lang='lat'>.</span> 
     </span>
    </p>
   </div>
   <div class='ocr_carea' id='block_1_4' title="bbox 57 1005 1295 1780">
    <p class='ocr_par' dir='ltr' id='par_1_4' title="bbox 57 1005 1295 1780">
     <span class='ocr_line' id='line_1_8' title="bbox 59 1005 1292 1074; baseline -0.003 0"><span class='ocrx_word' id='word_1_55' title='bbox 59 1030 138 1074; x_wconf 86' lang='lat' dir='ltr'>rum</span> <span class='ocrx_word' id='word_1_56' title='bbox 176 1009 329 1074; x_wconf 91' lang='lat' dir='ltr'>manibus</span> <span class='ocrx_word' id='word_1_57' title='bbox 363 1005 575 1074; x_wconf 88' lang='lat' dir='ltr'>discindenda</span> <span class='ocrx_word' id='word_1_58' title='bbox 608 1013 642 1071; x_wconf 88' lang='lat' dir='ltr'>et</span> <span class='ocrx_word' id='word_1_59' title='bbox 679 1005 873 1071; x_wconf 88' lang='lat' dir='ltr'>maculanda</span> <span class='ocrx_word' id='word_1_60' title='bbox 905 1005 991 1070; x_wconf 87' lang='lat' dir='ltr'>tradi</span> <span class='ocrx_word' id='word_1_61' title='bbox 1023 1027 1090 1071; x_wconf 92' lang='lat' dir='ltr'>non</span> <span class='ocrx_word' id='word_1_62' title='bbox 1123 1005 1292 1072; x_wconf 88' lang='lat' dir='ltr'>debebant.</span> 
     </span>
     <span class='ocr_line' id='line_1_9' title="bbox 59 1092 1295 1176; baseline -0.002 -16"><span class='ocrx_word' id='word_1_63' title='bbox 59 1092 171 1160; x_wconf 80' lang='lat' dir='ltr'>Simul</span> <span class='ocrx_word' id='word_1_64' title='bbox 191 1094 434 1160; x_wconf 85' lang='lat' dir='ltr'>Basileensium</span> <span class='ocrx_word' id='word_1_65' title='bbox 460 1093 624 1158; x_wconf 91' lang='lat' dir='ltr'>industria</span> <span class='ocrx_word' id='word_1_66' title='bbox 650 1093 793 1176; x_wconf 87' lang='lat' dir='ltr'>plurima</span> <span class='ocrx_word' id='word_1_67' title='bbox 815 1092 880 1161; x_wconf 85' lang='lat' dir='ltr'>alia</span> <span class='ocrx_word' id='word_1_68' title='bbox 907 1092 968 1159; x_wconf 85' lang='lat' dir='ltr'>vili</span> <span class='ocrx_word' id='word_1_69' title='bbox 996 1093 1101 1175; x_wconf 89' lang='lat' dir='ltr'>pretio</span> <span class='ocrx_word' id='word_1_70' title='bbox 1125 1092 1295 1176; x_wconf 84' lang='lat' dir='ltr'>vulganda</span> 
     </span>
     <span class='ocr_line' id='line_1_10' title="bbox 59 1177 1294 1261; baseline -0.001 -16"><span class='ocrx_word' id='word_1_71' title='bbox 59 1178 202 1256; x_wconf 87' lang='lat' dir='ltr'>curabat,</span> <span class='ocrx_word' id='word_1_72' title='bbox 226 1181 272 1244; x_wconf 89' lang='lat' dir='ltr'>ita</span> <span class='ocrx_word' id='word_1_73' title='bbox 300 1185 338 1244; x_wconf 93' lang='lat' dir='ltr'>ut</span> <span class='ocrx_word' id='word_1_74' title='bbox 359 1180 477 1244; x_wconf 89' lang='lat' dir='ltr'>horum</span> <span class='ocrx_word' id='word_1_75' title='bbox 500 1181 606 1244; x_wconf 88' lang='lat' dir='ltr'>forma</span> <span class='ocrx_word' id='word_1_76' title='bbox 632 1186 666 1244; x_wconf 88' lang='lat' dir='ltr'>et</span> <span class='ocrx_word' id='word_1_77' title='bbox 693 1177 849 1244; x_wconf 90' lang='lat' dir='ltr'>lectiones</span> <span class='ocrx_word' id='word_1_78' title='bbox 876 1179 969 1244; x_wconf 90' lang='lat' dir='ltr'>brevi</span> <span class='ocrx_word' id='word_1_79' title='bbox 997 1186 1144 1260; x_wconf 89' lang='lat' dir='ltr'>tempere</span> <span class='ocrx_word' id='word_1_80' title='bbox 1173 1179 1294 1261; x_wconf 92' lang='lat' dir='ltr'>ubique</span> 
     </span>
     <span class='ocr_line' id='line_1_11' title="bbox 58 1264 1294 1349; baseline -0.002 -18"><span class='ocrx_word' id='word_1_81' title='bbox 58 1273 223 1331; x_wconf 86' lang='lat' dir='ltr'>terrarum</span> <span class='ocrx_word' id='word_1_82' title='bbox 244 1267 280 1330; x_wconf 87' lang='lat' dir='ltr'>in</span> <span class='ocrx_word' id='word_1_83' title='bbox 304 1265 490 1332; x_wconf 78' lang='lat' dir='ltr'>docentium</span> <span class='ocrx_word' id='word_1_84' title='bbox 512 1272 545 1330; x_wconf 91' lang='lat' dir='ltr'>et</span> <span class='ocrx_word' id='word_1_85' title='bbox 567 1265 763 1331; x_wconf 85' lang='lat' dir='ltr'>discentium</span> <span class='ocrx_word' id='word_1_86' title='bbox 786 1286 848 1329; x_wconf 92' lang='lat' dir='ltr'>usu</span> <span class='ocrx_word' id='word_1_87' title='bbox 869 1265 1001 1329; x_wconf 87' lang='lat' dir='ltr'>fuerint.</span> <span class='ocrx_word' id='word_1_88' title='bbox 1046 1264 1189 1329; x_wconf 78' lang='lat' dir='ltr'>Fallitur</span> <span class='ocrx_word' id='word_1_89' title='bbox 1216 1286 1294 1349; x_wconf 91' lang='lat' dir='ltr'>ergo</span> 
     </span>
     <span class='ocr_line' id='line_1_12' title="bbox 58 1350 1294 1435; baseline -0.001 -19"><span class='ocrx_word' id='word_1_90' title='bbox 58 1352 102 1417; x_wconf 85' lang='lat' dir='ltr'>V.</span> <span class='ocrx_word' id='word_1_91' title='bbox 120 1352 163 1416; x_wconf 91' lang='lat' dir='ltr'>D.</span> <span class='ocrx_word' id='word_1_92' title='bbox 184 1350 321 1417; x_wconf 84' lang='lat' dir='ltr'>Oarolus</span> <span class='ocrx_word' id='word_1_93' title='bbox 338 1351 500 1434; x_wconf 83' lang='lat' dir='ltr'>Iosephus</span> <span class='ocrx_word' id='word_1_94' title='bbox 518 1351 635 1416; x_wconf 88' lang='lat' dir='ltr'>Hefele</span> <span class='ocrx_word' id='word_1_95' title='bbox 652 1372 757 1433; x_wconf 86' lang='lat' dir='ltr'>nuper</span> <span class='ocrx_word' id='word_1_96' title='bbox 775 1350 936 1433; x_wconf 86' lang='lat' dir='ltr'>professor</span> <span class='ocrx_word' id='word_1_97' title='bbox 954 1351 1186 1435; x_wconf 75' lang='lat' dir='ltr'>Tubingensis,</span> <span class='ocrx_word' id='word_1_98' title='bbox 1204 1372 1294 1415; x_wconf 91' lang='lat' dir='ltr'>nune</span> 
     </span>
     <span class='ocr_line' id='line_1_13' title="bbox 60 1437 1293 1522; baseline 0 -20"><span class='ocrx_word' id='word_1_99' title='bbox 60 1438 244 1504; x_wconf 89' lang='lat' dir='ltr'>dioeceseos</span> <span class='ocrx_word' id='word_1_100' title='bbox 271 1438 556 1522; x_wconf 89' lang='lat' dir='ltr'>Rotenburgensis</span> <span class='ocrx_word' id='word_1_101' title='bbox 583 1439 769 1520; x_wconf 88' lang='lat' dir='ltr'>episcopus,</span> <span class='ocrx_word' id='word_1_102' title='bbox 804 1437 860 1520; x_wconf 88' lang='lat' dir='ltr'>qui</span> <span class='ocrx_word' id='word_1_103' title='bbox 890 1438 940 1515; x_wconf 89' lang='lat' dir='ltr'>(in</span> <span class='ocrx_word' id='word_1_104' title='bbox 971 1438 1043 1502; x_wconf 81' lang='lat' dir='ltr'>vita</span> <span class='ocrx_word' id='word_1_105' title='bbox 1069 1437 1220 1501; x_wconf 89' lang='lat' dir='ltr'>Ximenii</span> <span class='ocrx_word' id='word_1_106' title='bbox 1252 1437 1293 1502; x_wconf 89' lang='lat' dir='ltr'>ab</span> 
     </span>
     <span class='ocr_line' id='line_1_14' title="bbox 57 1523 1293 1609; baseline -0.001 -21"><span class='ocrx_word' id='word_1_107' title='bbox 57 1525 130 1607; x_wconf 93' lang='lat' dir='ltr'>ipso</span> <span class='ocrx_word' id='word_1_108' title='bbox 153 1523 241 1589; x_wconf 90' lang='lat' dir='ltr'>edita</span> <span class='ocrx_word' id='word_1_109' title='bbox 261 1546 293 1608; x_wconf 93' lang='lat' dir='ltr'>p.</span> <span class='ocrx_word' id='word_1_110' title='bbox 319 1525 396 1609; x_wconf 88' lang='grc'>134)</span> <span class='ocrx_word' id='word_1_111' title='bbox 423 1524 460 1587; x_wconf 93' lang='lat' dir='ltr'>in</span> <span class='ocrx_word' id='word_1_112' title='bbox 487 1524 656 1589; x_wconf 89' lang='lat' dir='ltr'>nonnullis</span> <span class='ocrx_word' id='word_1_113' title='bbox 685 1523 909 1588; x_wconf 88' lang='lat' dir='ltr'>Plautinianis</span> <span class='ocrx_word' id='word_1_114' title='bbox 938 1523 1136 1589; x_wconf 77' lang='lat' dir='ltr'>editionibus</span> <span class='ocrx_word' id='word_1_115' title='bbox 1163 1529 1293 1588; x_wconf 83' lang='lat' dir='ltr'>textum</span> 
     </span>
     <span class='ocr_line' id='line_1_15' title="bbox 59 1608 1294 1694; baseline -0.002 -18"><span class='ocrx_word' id='word_1_116' title='bbox 59 1609 330 1694; x_wconf 81' lang='lat' dir='ltr'>Oomplutensem</span> <span class='ocrx_word' id='word_1_117' title='bbox 351 1611 517 1693; x_wconf 89' lang='lat' dir='ltr'>integrum</span> <span class='ocrx_word' id='word_1_118' title='bbox 539 1608 602 1675; x_wconf 89' lang='lat' dir='ltr'>sibi</span> <span class='ocrx_word' id='word_1_119' title='bbox 629 1608 883 1692; x_wconf 86' lang='lat' dir='ltr'>deprehendisse</span> <span class='ocrx_word' id='word_1_120' title='bbox 905 1611 999 1675; x_wconf 86' lang='lat' dir='ltr'>visus</span> <span class='ocrx_word' id='word_1_121' title='bbox 1022 1616 1080 1675; x_wconf 90' lang='lat' dir='ltr'>est.</span> <span class='ocrx_word' id='word_1_122' title='bbox 1118 1609 1184 1675; x_wconf 91' lang='lat' dir='ltr'>Hic</span> <span class='ocrx_word' id='word_1_123' title='bbox 1204 1609 1294 1674; x_wconf 92' lang='lat' dir='ltr'>enim</span> 
     </span>
     <span class='ocr_line' id='line_1_16' title="bbox 58 1694 983 1780; baseline 0 -19"><span class='ocrx_word' id='word_1_124' title='bbox 58 1703 174 1762; x_wconf 85' lang='lat' dir='ltr'>nostra</span> <span class='ocrx_word' id='word_1_125' title='bbox 196 1695 328 1762; x_wconf 91' lang='lat' dir='ltr'>demum</span> <span class='ocrx_word' id='word_1_126' title='bbox 350 1703 457 1761; x_wconf 90' lang='lat' dir='ltr'>aetate</span> <span class='ocrx_word' id='word_1_127' title='bbox 479 1694 585 1761; x_wconf 92' lang='lat' dir='ltr'>denuo</span> <span class='ocrx_word' id='word_1_128' title='bbox 608 1697 697 1780; x_wconf 88' lang='lat' dir='ltr'>typis</span> <span class='ocrx_word' id='word_1_129' title='bbox 719 1701 769 1760; x_wconf 90' lang='lat' dir='ltr'>est</span> <span class='ocrx_word' id='word_1_130' title='bbox 790 1697 983 1779; x_wconf 88' lang='lat' dir='ltr'>exscriptus.</span> 
     </span>
    </p>
   </div>
   <div class='ocr_carea' id='block_1_5' title="bbox 187 1956 1180 2017">
    <p class='ocr_par' dir='ltr' id='par_1_5' title="bbox 187 1956 1180 2017">
     <span class='ocr_line' id='line_1_17' title="bbox 187 1956 1180 2017; baseline -0.004 0"><span class='ocrx_word' id='word_1_131' title='bbox 187 1959 234 2017; x_wconf 61' lang='lat' dir='ltr'>dd*</span> <span class='ocrx_word' id='word_1_132' title='bbox 252 1958 455 2016; x_wconf 77' lang='lat' dir='ltr'><strong>TUBINGAE</strong></span> <span class='ocrx_word' id='word_1_133' title='bbox 473 1961 606 2016; x_wconf 79' lang='lat' dir='ltr'>eumtcbas</span> <span class='ocrx_word' id='word_1_134' title='bbox 623 1961 697 2015; x_wconf 73' lang='lat' dir='ltr'>lod.</span> <span class='ocrx_word' id='word_1_135' title='bbox 716 1961 798 2016; x_wconf 68' lang='lat' dir='ltr'>esea</span> <span class='ocrx_word' id='word_1_136' title='bbox 817 1961 898 2016; x_wconf 74' lang='lat' dir='ltr'>Face.</span> <span class='ocrx_word' id='word_1_137' title='bbox 923 1956 1012 2016; x_wconf 73' lang='lat'>1821.</span> <span class='ocrx_word' id='word_1_138' title='bbox 1031 1957 1048 2013; x_wconf 72' lang='lat'><strong>2</strong></span> <span class='ocrx_word' id='word_1_139' title='bbox 1068 1961 1136 2015; x_wconf 81' lang='lat' dir='ltr'>tomi</span> <span class='ocrx_word' id='word_1_140' title='bbox 1153 1958 1180 2015; x_wconf 89' lang='lat'>8.</span> 
     </span>
    </p>
   </div>
   <div class='ocr_carea' id='block_1_6' title="bbox 56 2125 1365 3156">
    <p class='ocr_par' dir='ltr' id='par_1_6' title="bbox 56 2125 1365 3156">
     <span class='ocr_line' id='line_1_18' title="bbox 145 2125 1365 2211; baseline -0.001 -19"><span class='ocrx_word' id='word_1_141' title='bbox 145 2128 268 2192; x_wconf 91' lang='lat' dir='ltr'>Petrus</span> <span class='ocrx_word' id='word_1_142' title='bbox 289 2125 447 2211; x_wconf 88' lang='lat' dir='ltr'>Aloysius</span> <span class='ocrx_word' id='word_1_143' title='bbox 476 2126 579 2192; x_wconf 81' lang='lat' dir='ltr'>Grata</span> <span class='ocrx_word' id='word_1_144' title='bbox 609 2128 771 2208; x_wconf 82' lang='lat' dir='ltr'>professor</span> <span class='ocrx_word' id='word_1_145' title='bbox 793 2125 975 2209; x_wconf 84' lang='lat' dir='ltr'>theologiae</span> <span class='ocrx_word' id='word_1_146' title='bbox 1004 2125 1197 2207; x_wconf 86' lang='lat' dir='ltr'>catholicae,</span> <span class='ocrx_word' id='word_1_147' title='bbox 1227 2127 1294 2210; x_wconf 90' lang='lat' dir='ltr'>pri·</span> <span class='ocrx_word' id='word_1_148' title='bbox 1362 2206 1365 2211; x_wconf 19' lang='grc' dir='ltr'>Ι</span> 
     </span>
     <span class='ocr_line' id='line_1_19' title="bbox 57 2211 1295 2296; baseline 0 -18"><span class='ocrx_word' id='word_1_149' title='bbox 57 2235 153 2278; x_wconf 93' lang='lat' dir='ltr'>mum</span> <span class='ocrx_word' id='word_1_150' title='bbox 172 2213 209 2277; x_wconf 91' lang='lat' dir='ltr'>in</span> <span class='ocrx_word' id='word_1_151' title='bbox 227 2211 394 2277; x_wconf 87' lang='lat' dir='ltr'>academia</span> <span class='ocrx_word' id='word_1_152' title='bbox 416 2212 621 2296; x_wconf 71' lang='lat' dir='ltr'>Tubingensi</span> <span class='ocrx_word' id='word_1_153' title='bbox 642 2220 754 2294; x_wconf 88' lang='lat' dir='ltr'>postea</span> <span class='ocrx_word' id='word_1_154' title='bbox 772 2212 807 2276; x_wconf 94' lang='lat' dir='ltr'>in</span> <span class='ocrx_word' id='word_1_155' title='bbox 825 2212 1005 2289; x_wconf 89' lang='lat' dir='ltr'>Bonnensi,</span> <span class='ocrx_word' id='word_1_156' title='bbox 1028 2213 1064 2275; x_wconf 92' lang='lat' dir='ltr'>in</span> <span class='ocrx_word' id='word_1_157' title='bbox 1086 2233 1183 2277; x_wconf 90' lang='lat' dir='ltr'>usum</span> <span class='ocrx_word' id='word_1_158' title='bbox 1201 2214 1295 2279; x_wconf 88' lang='lat' dir='ltr'>seho-</span> 
     </span>
     <span class='ocr_line' id='line_1_20' title="bbox 57 2297 1294 2383; baseline 0 -19"><span class='ocrx_word' id='word_1_159' title='bbox 57 2300 168 2364; x_wconf 87' lang='lat' dir='ltr'>larum</span> <span class='ocrx_word' id='word_1_160' title='bbox 190 2297 270 2364; x_wconf 89' lang='lat' dir='ltr'>dues</span> <span class='ocrx_word' id='word_1_161' title='bbox 292 2302 404 2364; x_wconf 86' lang='lat' dir='ltr'>textus</span> <span class='ocrx_word' id='word_1_162' title='bbox 426 2299 494 2364; x_wconf 92' lang='lat' dir='ltr'>sedi</span> <span class='ocrx_word' id='word_1_163' title='bbox 517 2319 671 2364; x_wconf 89' lang='lat' dir='ltr'>romanae</span> <span class='ocrx_word' id='word_1_164' title='bbox 693 2298 846 2381; x_wconf 87' lang='lat' dir='ltr'>probatos</span> <span class='ocrx_word' id='word_1_165' title='bbox 869 2299 1039 2383; x_wconf 89' lang='lat' dir='ltr'>synoptice</span> <span class='ocrx_word' id='word_1_166' title='bbox 1061 2299 1178 2364; x_wconf 82' lang='lat' dir='ltr'>excudi</span> <span class='ocrx_word' id='word_1_167' title='bbox 1201 2320 1294 2365; x_wconf 89' lang='lat' dir='ltr'>eure-</span> 
     </span>
     <span class='ocr_line' id='line_1_21' title="bbox 56 2384 1296 2470; baseline -0.002 -18"><span class='ocrx_word' id='word_1_168' title='bbox 56 2387 119 2463; x_wconf 66' lang='lat' dir='ltr'>cit,</span> <span class='ocrx_word' id='word_1_169' title='bbox 153 2406 308 2470; x_wconf 88' lang='lat' dir='ltr'>graecum</span> <span class='ocrx_word' id='word_1_170' title='bbox 329 2385 607 2468; x_wconf 75' lang='lat' dir='ltr'>Complutensem,</span> <span class='ocrx_word' id='word_1_171' title='bbox 635 2384 778 2450; x_wconf 90' lang='lat' dir='ltr'>latinum</span> <span class='ocrx_word' id='word_1_172' title='bbox 806 2384 1057 2449; x_wconf 75' lang='lat' dir='ltr'>Clementinum.</span> <span class='ocrx_word' id='word_1_173' title='bbox 1102 2387 1211 2468; x_wconf 86' lang='lat' dir='ltr'>Atque</span> <span class='ocrx_word' id='word_1_174' title='bbox 1238 2385 1296 2450; x_wconf 93' lang='lat' dir='ltr'>ille</span> 
     </span>
     <span class='ocr_line' id='line_1_22' title="bbox 58 2470 1295 2555; baseline 0.001 -19"><span class='ocrx_word' id='word_1_175' title='bbox 58 2471 195 2555; x_wconf 90' lang='lat' dir='ltr'>quidem</span> <span class='ocrx_word' id='word_1_176' title='bbox 212 2477 281 2536; x_wconf 88' lang='lat' dir='ltr'>tam</span> <span class='ocrx_word' id='word_1_177' title='bbox 304 2477 454 2536; x_wconf 88' lang='lat' dir='ltr'>accurate</span> <span class='ocrx_word' id='word_1_178' title='bbox 482 2479 515 2535; x_wconf 94' lang='lat' dir='ltr'>et</span> <span class='ocrx_word' id='word_1_179' title='bbox 535 2470 676 2536; x_wconf 87' lang='lat' dir='ltr'>fideliter</span> <span class='ocrx_word' id='word_1_180' title='bbox 705 2471 845 2537; x_wconf 88' lang='lat' dir='ltr'>iteratus</span> <span class='ocrx_word' id='word_1_181' title='bbox 873 2480 922 2535; x_wconf 90' lang='lat' dir='ltr'>est</span> <span class='ocrx_word' id='word_1_182' title='bbox 948 2479 985 2534; x_wconf 92' lang='lat' dir='ltr'>ut</span> <span class='ocrx_word' id='word_1_183' title='bbox 1011 2471 1167 2535; x_wconf 89' lang='lat' dir='ltr'>lectiones</span> <span class='ocrx_word' id='word_1_184' title='bbox 1195 2473 1295 2537; x_wconf 87' lang='lat' dir='ltr'>etiam</span> 
     </span>
     <span class='ocr_line' id='line_1_23' title="bbox 57 2555 1294 2643; baseline -0.002 -20"><span class='ocrx_word' id='word_1_185' title='bbox 57 2579 101 2623; x_wconf 87' lang='lat' dir='ltr'>ex</span> <span class='ocrx_word' id='word_1_186' title='bbox 121 2557 320 2643; x_wconf 82' lang='lat' dir='ltr'>typographi</span> <span class='ocrx_word' id='word_1_187' title='bbox 342 2558 544 2642; x_wconf 81' lang='lat' dir='ltr'>negligentia</span> <span class='ocrx_word' id='word_1_188' title='bbox 565 2565 676 2640; x_wconf 89' lang='lat' dir='ltr'>aperte</span> <span class='ocrx_word' id='word_1_189' title='bbox 694 2555 869 2622; x_wconf 89' lang='lat' dir='ltr'>mendosae</span> <span class='ocrx_word' id='word_1_190' title='bbox 887 2564 1107 2623; x_wconf 83' lang='lat' dir='ltr'>servarentur.</span> <span class='ocrx_word' id='word_1_191' title='bbox 1131 2558 1294 2622; x_wconf 88' lang='lat' dir='ltr'>Praemit-</span> 
     </span>
     <span class='ocr_line' id='line_1_24' title="bbox 58 2641 1297 2726; baseline 0 -18"><span class='ocrx_word' id='word_1_192' title='bbox 58 2649 177 2708; x_wconf 91' lang='lat' dir='ltr'>tuntur</span> <span class='ocrx_word' id='word_1_193' title='bbox 208 2643 426 2725; x_wconf 85' lang='lat' dir='ltr'>praefationes</span> <span class='ocrx_word' id='word_1_194' title='bbox 458 2644 658 2726; x_wconf 84' lang='lat' dir='ltr'>Hieronymi</span> <span class='ocrx_word' id='word_1_195' title='bbox 689 2642 731 2707; x_wconf 90' lang='lat' dir='ltr'>ad</span> <span class='ocrx_word' id='word_1_196' title='bbox 764 2643 948 2726; x_wconf 83' lang='lat' dir='ltr'>Evangelia</span> <span class='ocrx_word' id='word_1_197' title='bbox 981 2653 1014 2707; x_wconf 88' lang='lat' dir='ltr'>et</span> <span class='ocrx_word' id='word_1_198' title='bbox 1041 2642 1221 2709; x_wconf 74' lang='lat' dir='ltr'>Clementis</span> <span class='ocrx_word' id='word_1_199' title='bbox 1255 2641 1297 2708; x_wconf 92' lang='lat' dir='ltr'>ad</span> 
     </span>
     <span class='ocr_line' id='line_1_25' title="bbox 57 2728 1297 2813; baseline -0.001 -18"><span class='ocrx_word' id='word_1_200' title='bbox 57 2728 251 2813; x_wconf 86' lang='lat' dir='ltr'>Vulgatam,</span> <span class='ocrx_word' id='word_1_201' title='bbox 275 2750 425 2794; x_wconf 91' lang='lat' dir='ltr'>necnon</span> <span class='ocrx_word' id='word_1_202' title='bbox 447 2729 558 2795; x_wconf 86' lang='lat' dir='ltr'>tabula</span> <span class='ocrx_word' id='word_1_203' title='bbox 581 2730 752 2812; x_wconf 91' lang='lat' dir='ltr'>synoptica</span> <span class='ocrx_word' id='word_1_204' title='bbox 767 2729 1034 2812; x_wconf 83' lang='lat' dir='ltr'>Evangeliorum.</span> <span class='ocrx_word' id='word_1_205' title='bbox 1069 2728 1297 2795; x_wconf 78' lang='lat' dir='ltr'>Subliciuntur</span> 
     </span>
     <span class='ocr_line' id='line_1_26' title="bbox 58 2813 1296 2898; baseline -0.001 -18"><span class='ocrx_word' id='word_1_206' title='bbox 58 2815 169 2880; x_wconf 85' lang='lat' dir='ltr'>textui</span> <span class='ocrx_word' id='word_1_207' title='bbox 189 2813 344 2880; x_wconf 90' lang='lat' dir='ltr'>lectiones</span> <span class='ocrx_word' id='word_1_208' title='bbox 366 2816 408 2880; x_wconf 89' lang='lat' dir='ltr'>R.</span> <span class='ocrx_word' id='word_1_209' title='bbox 439 2813 602 2898; x_wconf 79' lang='lat' dir='ltr'>Stephani</span> <span class='ocrx_word' id='word_1_210' title='bbox 630 2837 671 2880; x_wconf 82' lang='lat' dir='ltr'>ex</span> <span class='ocrx_word' id='word_1_211' title='bbox 700 2813 843 2880; x_wconf 90' lang='lat' dir='ltr'>editione</span> <span class='ocrx_word' id='word_1_212' title='bbox 872 2816 943 2880; x_wconf 88' lang='lat' dir='ltr'>eius</span> <span class='ocrx_word' id='word_1_213' title='bbox 971 2815 1078 2893; x_wconf 87' lang='lat' dir='ltr'>tertia,</span> <span class='ocrx_word' id='word_1_214' title='bbox 1109 2823 1181 2880; x_wconf 93' lang='lat' dir='ltr'>tum</span> <span class='ocrx_word' id='word_1_215' title='bbox 1210 2816 1296 2880; x_wconf 90' lang='lat' dir='ltr'>Mat-</span> 
     </span>
     <span class='ocr_line' id='line_1_27' title="bbox 58 2899 1298 2986; baseline -0.001 -19"><span class='ocrx_word' id='word_1_216' title='bbox 58 2901 166 2967; x_wconf 89' lang='lat' dir='ltr'>thaeii</span> <span class='ocrx_word' id='word_1_217' title='bbox 189 2907 223 2964; x_wconf 90' lang='lat' dir='ltr'>et</span> <span class='ocrx_word' id='word_1_218' title='bbox 245 2900 471 2979; x_wconf 74' lang='lat' dir='ltr'>Griesbachii3</span> <span class='ocrx_word' id='word_1_219' title='bbox 501 2902 701 2985; x_wconf 89' lang='lat' dir='ltr'>Apocalypsi</span> <span class='ocrx_word' id='word_1_220' title='bbox 730 2923 806 2967; x_wconf 89' lang='lat' dir='ltr'>vero</span> <span class='ocrx_word' id='word_1_221' title='bbox 835 2908 946 2966; x_wconf 87' lang='lat' dir='ltr'>textus</span> <span class='ocrx_word' id='word_1_222' title='bbox 976 2899 1139 2982; x_wconf 82' lang='lat' dir='ltr'>Stephani</span> <span class='ocrx_word' id='word_1_223' title='bbox 1167 2902 1298 2986; x_wconf 87' lang='lat' dir='ltr'>integer</span> 
     </span>
     <span class='ocr_line' id='line_1_28' title="bbox 58 2985 1297 3070; baseline -0.001 -18"><span class='ocrx_word' id='word_1_224' title='bbox 58 2993 177 3070; x_wconf 87' lang='lat' dir='ltr'>utpote</span> <span class='ocrx_word' id='word_1_225' title='bbox 200 3007 219 3051; x_wconf 91' lang='lat' dir='ltr'>a</span> <span class='ocrx_word' id='word_1_226' title='bbox 241 2985 469 3069; x_wconf 83' lang='lat' dir='ltr'>Complutensi</span> <span class='ocrx_word' id='word_1_227' title='bbox 489 2989 588 3052; x_wconf 89' lang='lat' dir='ltr'>nimis</span> <span class='ocrx_word' id='word_1_228' title='bbox 610 2987 759 3055; x_wconf 79' lang='lat' dir='ltr'>diversus</span> <span class='ocrx_word' id='word_1_229' title='bbox 781 3009 881 3070; x_wconf 85' lang='lat' dir='ltr'>quam</span> <span class='ocrx_word' id='word_1_230' title='bbox 903 2994 942 3050; x_wconf 90' lang='lat' dir='ltr'>ut</span> <span class='ocrx_word' id='word_1_231' title='bbox 963 2986 1111 3070; x_wconf 87' lang='lat' dir='ltr'>singulae</span> <span class='ocrx_word' id='word_1_232' title='bbox 1131 2988 1297 3054; x_wconf 84' lang='lat' dir='ltr'>variantes</span> 
     </span>
     <span class='ocr_line' id='line_1_29' title="bbox 58 3072 417 3156; baseline -0.006 -17"><span class='ocrx_word' id='word_1_233' title='bbox 58 3072 203 3139; x_wconf 83' lang='lat' dir='ltr'>exscribi</span> <span class='ocrx_word' id='word_1_234' title='bbox 225 3074 417 3156; x_wconf 88' lang='lat' dir='ltr'>potuissent.</span> 
     </span>
    </p>
   </div>
   <div class='ocr_carea' id='block_1_7' title="bbox 195 3317 1162 3497">
    <p class='ocr_par' dir='ltr' id='par_1_7' title="bbox 195 3317 1162 3497">
     <span class='ocr_line' id='line_1_30' title="bbox 195 3317 1162 3393; baseline -0.001 -17"><span class='ocrx_word' id='word_1_235' title='bbox 195 3319 247 3376; x_wconf 55' lang='grc' dir='ltr'>3.ἑξ</span> <span class='ocrx_word' id='word_1_236' title='bbox 268 3317 504 3376; x_wconf 77' lang='lat' dir='ltr'><strong>MOGUNTIAE</strong></span> <span class='ocrx_word' id='word_1_237' title='bbox 526 3339 571 3392; x_wconf 75' lang='lat' dir='ltr'>ap.</span> <span class='ocrx_word' id='word_1_238' title='bbox 590 3321 668 3376; x_wconf 68' lang='lat' dir='ltr'>Flac</span> <span class='ocrx_word' id='word_1_239' title='bbox 687 3321 869 3393; x_wconf 69' lang='lat' dir='ltr'>Kupferbery.</span> <span class='ocrx_word' id='word_1_240' title='bbox 892 3317 981 3378; x_wconf 76' lang='lat'>1827.</span> <span class='ocrx_word' id='word_1_241' title='bbox 1002 3319 1029 3376; x_wconf 84' lang='lat'>8.</span> <span class='ocrx_word' id='word_1_242' title='bbox 1051 3317 1068 3374; x_wconf 75' lang='grc'>2</span> <span class='ocrx_word' id='word_1_243' title='bbox 1088 3320 1162 3375; x_wconf 76' lang='lat' dir='ltr'>tomi.</span> 
     </span>
     <span class='ocr_line' id='line_1_31' title="bbox 229 3419 1148 3497; baseline 0.001 -20"><span class='ocrx_word' id='word_1_244' title='bbox 229 3423 248 3460; x_wconf 71' lang='lat' dir='ltr'>a</span> <span class='ocrx_word' id='word_1_245' title='bbox 264 3421 499 3480; x_wconf 77' lang='lat' dir='ltr'><strong>MOGUNTIAE</strong></span> <span class='ocrx_word' id='word_1_246' title='bbox 518 3442 562 3495; x_wconf 78' lang='lat' dir='ltr'>ap.</span> <span class='ocrx_word' id='word_1_247' title='bbox 581 3425 659 3479; x_wconf 69' lang='lat' dir='ltr'>Floa</span> <span class='ocrx_word' id='word_1_248' title='bbox 677 3425 858 3497; x_wconf 79' lang='lat' dir='ltr'>Kwpferbery.</span> <span class='ocrx_word' id='word_1_249' title='bbox 883 3423 970 3480; x_wconf 85' lang='lat'>1851.</span> <span class='ocrx_word' id='word_1_250' title='bbox 990 3422 1017 3480; x_wconf 91' lang='lat'>8.</span> <span class='ocrx_word' id='word_1_251' title='bbox 1038 3419 1055 3477; x_wconf 74' lang='lat'><strong>2</strong></span> <span class='ocrx_word' id='word_1_252' title='bbox 1074 3425 1148 3479; x_wconf 79' lang='lat' dir='ltr'>tomi.</span> 
     </span>
    </p>
   </div>
   <div class='ocr_carea' id='block_1_8' title="bbox 58 3588 1297 3847">
    <p class='ocr_par' dir='ltr' id='par_1_8' title="bbox 58 3588 1297 3847">
     <span class='ocr_line' id='line_1_32' title="bbox 150 3588 1294 3674; baseline -0.001 -19"><span class='ocrx_word' id='word_1_253' title='bbox 150 3589 279 3656; x_wconf 81' lang='lat' dir='ltr'>Gratzii</span> <span class='ocrx_word' id='word_1_254' title='bbox 308 3588 408 3653; x_wconf 91' lang='lat' dir='ltr'>editio</span> <span class='ocrx_word' id='word_1_255' title='bbox 443 3589 586 3654; x_wconf 88' lang='lat' dir='ltr'>secunda</span> <span class='ocrx_word' id='word_1_256' title='bbox 619 3611 638 3654; x_wconf 92' lang='lat' dir='ltr'>a</span> <span class='ocrx_word' id='word_1_257' title='bbox 664 3592 766 3673; x_wconf 89' lang='lat' dir='ltr'>priori</span> <span class='ocrx_word' id='word_1_258' title='bbox 795 3590 945 3674; x_wconf 89' lang='lat' dir='ltr'>pluribus</span> <span class='ocrx_word' id='word_1_259' title='bbox 975 3591 1122 3655; x_wconf 90' lang='lat' dir='ltr'>numeris</span> <span class='ocrx_word' id='word_1_260' title='bbox 1155 3588 1294 3655; x_wconf 84' lang='lat' dir='ltr'>diversa.</span> 
     </span>
     <span class='ocr_line' id='line_1_33' title="bbox 58 3673 1296 3760; baseline -0.001 -18"><span class='ocrx_word' id='word_1_261' title='bbox 58 3677 188 3742; x_wconf 71' lang='lat' dir='ltr'>Toxtus</span> <span class='ocrx_word' id='word_1_262' title='bbox 210 3673 343 3758; x_wconf 90' lang='lat' dir='ltr'>quidem</span> <span class='ocrx_word' id='word_1_263' title='bbox 355 3675 499 3741; x_wconf 86' lang='lat' dir='ltr'>intactus</span> <span class='ocrx_word' id='word_1_264' title='bbox 522 3679 681 3741; x_wconf 86' lang='lat' dir='ltr'>remansit</span> <span class='ocrx_word' id='word_1_265' title='bbox 701 3678 767 3741; x_wconf 90' lang='lat' dir='ltr'>nisi</span> <span class='ocrx_word' id='word_1_266' title='bbox 789 3677 877 3760; x_wconf 90' lang='lat' dir='ltr'>quod</span> <span class='ocrx_word' id='word_1_267' title='bbox 890 3676 1127 3760; x_wconf 89' lang='lat' dir='ltr'>orthographia</span> <span class='ocrx_word' id='word_1_268' title='bbox 1139 3676 1296 3759; x_wconf 78' lang='lat' dir='ltr'>Complu-</span> 
     </span>
     <span class='ocr_line' id='line_1_34' title="bbox 60 3761 1297 3847; baseline 0 -19"><span class='ocrx_word' id='word_1_269' title='bbox 60 3762 167 3828; x_wconf 88' lang='lat' dir='ltr'>tensis</span> <span class='ocrx_word' id='word_1_270' title='bbox 183 3761 374 3845; x_wconf 82' lang='lat' dir='ltr'>saepissime</span> <span class='ocrx_word' id='word_1_271' title='bbox 390 3783 433 3825; x_wconf 86' lang='lat' dir='ltr'>ex</span> <span class='ocrx_word' id='word_1_272' title='bbox 449 3762 593 3826; x_wconf 81' lang='lat' dir='ltr'>itacismi</span> <span class='ocrx_word' id='word_1_273' title='bbox 605 3784 668 3826; x_wconf 90' lang='lat' dir='ltr'>usu</span> <span class='ocrx_word' id='word_1_274' title='bbox 688 3763 842 3829; x_wconf 88' lang='lat' dir='ltr'>deformis</span> <span class='ocrx_word' id='word_1_275' title='bbox 862 3763 902 3827; x_wconf 89' lang='lat' dir='ltr'>ad</span> <span class='ocrx_word' id='word_1_276' title='bbox 925 3764 1062 3828; x_wconf 90' lang='lat' dir='ltr'>sanioris</span> <span class='ocrx_word' id='word_1_277' title='bbox 1080 3762 1297 3847; x_wconf 85' lang='lat' dir='ltr'>etymologiae</span> 
     </span>
    </p>
   </div>
   <div class='ocr_carea' id='block_1_9' title="bbox 59 3846 1427 3932">
    <p class='ocr_par' dir='ltr' id='par_1_9' title="bbox 59 3846 1427 3932">
     <span class='ocr_line' id='line_1_35' title="bbox 59 3846 1427 3932; baseline 0.001 -19"><span class='ocrx_word' id='word_1_278' title='bbox 59 3849 153 3932; x_wconf 89' lang='lat' dir='ltr'>leges</span> <span class='ocrx_word' id='word_1_279' title='bbox 175 3846 350 3913; x_wconf 84' lang='lat' dir='ltr'>emendata</span> <span class='ocrx_word' id='word_1_280' title='bbox 372 3856 422 3913; x_wconf 91' lang='lat' dir='ltr'>est</span> <span class='ocrx_word' id='word_1_281' title='bbox 450 3854 483 3911; x_wconf 92' lang='lat' dir='ltr'>et</span> <span class='ocrx_word' id='word_1_282' title='bbox 505 3847 655 3912; x_wconf 90' lang='lat' dir='ltr'>subtilior</span> <span class='ocrx_word' id='word_1_283' title='bbox 676 3849 893 3914; x_wconf 89' lang='lat' dir='ltr'>interstinctio</span> <span class='ocrx_word' id='word_1_284' title='bbox 916 3850 1153 3914; x_wconf 88' lang='lat' dir='ltr'>sententiarum</span> <span class='ocrx_word' id='word_1_285' title='bbox 1180 3848 1297 3914; x_wconf 89' lang='lat' dir='ltr'>editori</span> <span class='ocrx_word' id='word_1_286' title='bbox 1424 3895 1427 3901; x_wconf 83' lang='lat'>-</span> 
     </span>
    </p>
   </div>
   <div class='ocr_carea' id='block_1_10' title="bbox 59 3933 1336 4620">
    <p class='ocr_par' dir='ltr' id='par_1_10' title="bbox 59 3933 1336 4620">
     <span class='ocr_line' id='line_1_36' title="bbox 60 3933 1297 4017; baseline -0.002 -15"><span class='ocrx_word' id='word_1_287' title='bbox 60 3953 162 4002; x_wconf 79' lang='lat' dir='ltr'>curae</span> <span class='ocrx_word' id='word_1_288' title='bbox 189 3934 260 3998; x_wconf 85' lang='lat' dir='ltr'>fuit.</span> <span class='ocrx_word' id='word_1_289' title='bbox 311 3933 400 3999; x_wconf 91' lang='lat' dir='ltr'>Hine</span> <span class='ocrx_word' id='word_1_290' title='bbox 430 3933 507 3998; x_wconf 91' lang='lat' dir='ltr'>inde</span> <span class='ocrx_word' id='word_1_291' title='bbox 541 3933 737 4016; x_wconf 87' lang='lat' dir='ltr'>depravatae</span> <span class='ocrx_word' id='word_1_292' title='bbox 765 3956 823 4017; x_wconf 89' lang='lat' dir='ltr'>per</span> <span class='ocrx_word' id='word_1_293' title='bbox 849 3935 1010 4000; x_wconf 82' lang='lat' dir='ltr'>incuriam</span> <span class='ocrx_word' id='word_1_294' title='bbox 1038 3935 1136 4017; x_wconf 91' lang='lat' dir='ltr'>primi</span> <span class='ocrx_word' id='word_1_295' title='bbox 1163 3935 1297 4000; x_wconf 90' lang='lat' dir='ltr'>editoris</span> 
     </span>
     <span class='ocr_line' id='line_1_37' title="bbox 59 4017 1297 4105; baseline 0.002 -21"><span class='ocrx_word' id='word_1_296' title='bbox 59 4019 197 4086; x_wconf 87' lang='lat' dir='ltr'>lectioni</span> <span class='ocrx_word' id='word_1_297' title='bbox 218 4017 379 4084; x_wconf 87' lang='lat' dir='ltr'>medelam</span> <span class='ocrx_word' id='word_1_298' title='bbox 407 4041 470 4101; x_wconf 89' lang='lat' dir='ltr'>quo</span> <span class='ocrx_word' id='word_1_299' title='bbox 491 4020 602 4083; x_wconf 89' lang='lat' dir='ltr'>minus</span> <span class='ocrx_word' id='word_1_300' title='bbox 625 4019 767 4085; x_wconf 85' lang='lat' dir='ltr'>adferret</span> <span class='ocrx_word' id='word_1_301' title='bbox 788 4027 899 4085; x_wconf 89' lang='lat' dir='ltr'>noster</span> <span class='ocrx_word' id='word_1_302' title='bbox 921 4041 980 4085; x_wconf 88' lang='lat' dir='ltr'>sua</span> <span class='ocrx_word' id='word_1_303' title='bbox 1007 4021 1111 4103; x_wconf 92' lang='lat' dir='ltr'>ipsius</span> <span class='ocrx_word' id='word_1_304' title='bbox 1134 4020 1207 4105; x_wconf 90' lang='lat' dir='ltr'>lege</span> <span class='ocrx_word' id='word_1_305' title='bbox 1234 4023 1297 4086; x_wconf 91' lang='lat' dir='ltr'>im-</span> 
     </span>
     <span class='ocr_line' id='line_1_38' title="bbox 60 4102 1296 4191; baseline 0.001 -20"><span class='ocrx_word' id='word_1_306' title='bbox 60 4105 171 4191; x_wconf 90' lang='lat' dir='ltr'>pediri</span> <span class='ocrx_word' id='word_1_307' title='bbox 192 4127 260 4170; x_wconf 92' lang='lat' dir='ltr'>non</span> <span class='ocrx_word' id='word_1_308' title='bbox 281 4106 396 4187; x_wconf 87' lang='lat' dir='ltr'>potuit.</span> <span class='ocrx_word' id='word_1_309' title='bbox 443 4102 509 4183; x_wconf 79' lang='lat' dir='ltr'>Sic,</span> <span class='ocrx_word' id='word_1_310' title='bbox 540 4113 576 4168; x_wconf 92' lang='lat' dir='ltr'>ut</span> <span class='ocrx_word' id='word_1_311' title='bbox 598 4104 658 4171; x_wconf 91' lang='lat' dir='ltr'>hoe</span> <span class='ocrx_word' id='word_1_312' title='bbox 680 4108 829 4189; x_wconf 86' lang='lat' dir='ltr'>exemplo</span> <span class='ocrx_word' id='word_1_313' title='bbox 858 4113 941 4187; x_wconf 87' lang='lat' dir='ltr'>utar,</span> <span class='ocrx_word' id='word_1_314' title='bbox 971 4107 1074 4173; x_wconf 89' lang='lat' dir='ltr'>Hebr.</span> <span class='ocrx_word' id='word_1_315' title='bbox 1107 4112 1135 4186; x_wconf 82' lang='lat'>7,</span> <span class='ocrx_word' id='word_1_316' title='bbox 1166 4111 1184 4171; x_wconf 88' lang='grc'>3</span> <span class='ocrx_word' id='word_1_317' title='bbox 1213 4128 1296 4189; x_wconf 90' lang='lat' dir='ltr'>quae</span> 
     </span>
     <span class='ocr_line' id='line_1_39' title="bbox 62 4182 1336 4279; baseline -0.002 -22"><span class='ocrx_word' id='word_1_318' title='bbox 62 4190 310 4274; x_wconf 79' lang='lat' dir='ltr'>Complutensis</span> <span class='ocrx_word' id='word_1_319' title='bbox 332 4197 365 4256; x_wconf 92' lang='lat' dir='ltr'>et</span> <span class='ocrx_word' id='word_1_320' title='bbox 387 4191 609 4275; x_wconf 74' lang='lat' dir='ltr'>Tubingensis</span> <span class='ocrx_word' id='word_1_321' title='bbox 630 4191 713 4257; x_wconf 88' lang='lat' dir='ltr'>liber</span> <span class='ocrx_word' id='word_1_322' title='bbox 731 4193 925 4258; x_wconf 82' lang='lat' dir='ltr'>exhibuerat</span> <span class='ocrx_word' id='word_1_323' title='bbox 943 4194 1059 4258; x_wconf 83' lang='lat' dir='ltr'>verba:</span> <span class='ocrx_word' id='word_1_324' title='bbox 1083 4198 1113 4255; x_wconf 80' lang='grc' dir='ltr'>ἐν</span> <span class='ocrx_word' id='word_1_325' title='bbox 1135 4182 1161 4279; x_wconf 79' lang='grc' dir='ltr'><em>ᾧ</em></span> <span class='ocrx_word' id='word_1_326' title='bbox 1183 4187 1229 4254; x_wconf 79' lang='lat' dir='ltr'>du</span> <span class='ocrx_word' id='word_1_327' title='bbox 1246 4194 1298 4255; x_wconf 76' lang='grc' dir='ltr'>τοῦ</span> <span class='ocrx_word' id='word_1_328' title='bbox 1333 4233 1336 4238; x_wconf 90' lang='grc'>-</span> 
     </span>
     <span class='ocr_line' id='line_1_40' title="bbox 62 4275 1297 4363; baseline 0 -21"><span class='ocrx_word' id='word_1_329' title='bbox 62 4275 189 4362; x_wconf 78' lang='grc' dir='ltr'><em>ἅβραᾶμ</em></span> <span class='ocrx_word' id='word_1_330' title='bbox 210 4276 411 4363; x_wconf 55' lang='lat' dir='ltr'>aquatepida,</span> <span class='ocrx_word' id='word_1_331' title='bbox 434 4298 516 4360; x_wconf 89' lang='lat' dir='ltr'>quae</span> <span class='ocrx_word' id='word_1_332' title='bbox 539 4299 581 4342; x_wconf 83' lang='lat' dir='ltr'>ex</span> <span class='ocrx_word' id='word_1_333' title='bbox 602 4278 700 4343; x_wconf 90' lang='lat' dir='ltr'>rubro</span> <span class='ocrx_word' id='word_1_334' title='bbox 722 4279 892 4344; x_wconf 90' lang='lat' dir='ltr'>columnae</span> <span class='ocrx_word' id='word_1_335' title='bbox 914 4279 1032 4345; x_wconf 89' lang='lat' dir='ltr'>codicis</span> <span class='ocrx_word' id='word_1_336' title='bbox 1060 4300 1161 4342; x_wconf 90' lang='lat' dir='ltr'>manu</span> <span class='ocrx_word' id='word_1_337' title='bbox 1184 4278 1297 4361; x_wconf 90' lang='lat' dir='ltr'>scripti</span> 
     </span>
     <span class='ocr_line' id='line_1_41' title="bbox 60 4363 1296 4449; baseline -0.001 -19"><span class='ocrx_word' id='word_1_338' title='bbox 60 4364 143 4430; x_wconf 90' lang='lat' dir='ltr'>olim</span> <span class='ocrx_word' id='word_1_339' title='bbox 165 4363 201 4427; x_wconf 93' lang='lat' dir='ltr'>in</span> <span class='ocrx_word' id='word_1_340' title='bbox 223 4369 353 4427; x_wconf 85' lang='lat' dir='ltr'>textum</span> <span class='ocrx_word' id='word_1_341' title='bbox 374 4365 586 4447; x_wconf 89' lang='lat' dir='ltr'>irrepserant,</span> <span class='ocrx_word' id='word_1_342' title='bbox 614 4365 763 4428; x_wconf 91' lang='lat' dir='ltr'>nuncin</span> <span class='ocrx_word' id='word_1_343' title='bbox 791 4367 972 4449; x_wconf 89' lang='lat' dir='ltr'>marginem</span> <span class='ocrx_word' id='word_1_344' title='bbox 999 4365 1168 4448; x_wconf 86' lang='lat' dir='ltr'>relegavit.</span> <span class='ocrx_word' id='word_1_345' title='bbox 1215 4363 1296 4429; x_wconf 86' lang='lat' dir='ltr'>an-</span> 
     </span>
     <span class='ocr_line' id='line_1_42' title="bbox 59 4449 1296 4534; baseline 0 -19"><span class='ocrx_word' id='word_1_346' title='bbox 59 4457 173 4516; x_wconf 88' lang='lat' dir='ltr'>terum</span> <span class='ocrx_word' id='word_1_347' title='bbox 193 4450 306 4513; x_wconf 89' lang='lat' dir='ltr'>omnia</span> <span class='ocrx_word' id='word_1_348' title='bbox 321 4451 439 4531; x_wconf 89' lang='lat' dir='ltr'>prioris</span> <span class='ocrx_word' id='word_1_349' title='bbox 457 4450 611 4515; x_wconf 91' lang='lat' dir='ltr'>editionis</span> <span class='ocrx_word' id='word_1_350' title='bbox 629 4450 851 4516; x_wconf 87' lang='lat' dir='ltr'>additamenta</span> <span class='ocrx_word' id='word_1_351' title='bbox 868 4451 987 4517; x_wconf 89' lang='lat' dir='ltr'>absunt</span> <span class='ocrx_word' id='word_1_352' title='bbox 1004 4457 1134 4534; x_wconf 90' lang='lat' dir='ltr'>praeter</span> <span class='ocrx_word' id='word_1_353' title='bbox 1151 4449 1296 4515; x_wconf 88' lang='lat' dir='ltr'>tabulam</span> 
     </span>
     <span class='ocr_line' id='line_1_43' title="bbox 60 4536 1300 4620; baseline -0.002 -17"><span class='ocrx_word' id='word_1_354' title='bbox 60 4536 282 4620; x_wconf 86' lang='lat' dir='ltr'>synoptieam,</span> <span class='ocrx_word' id='word_1_355' title='bbox 301 4537 468 4619; x_wconf 87' lang='lat' dir='ltr'>textuique</span> <span class='ocrx_word' id='word_1_356' title='bbox 486 4536 642 4601; x_wconf 87' lang='lat' dir='ltr'>lectiones</span> <span class='ocrx_word' id='word_1_357' title='bbox 664 4538 829 4603; x_wconf 87' lang='lat' dir='ltr'>variantes</span> <span class='ocrx_word' id='word_1_358' title='bbox 847 4538 1064 4604; x_wconf 88' lang='lat' dir='ltr'>subiiciuntur</span> <span class='ocrx_word' id='word_1_359' title='bbox 1081 4538 1148 4601; x_wconf 91' lang='lat' dir='ltr'>iam</span> <span class='ocrx_word' id='word_1_360' title='bbox 1169 4557 1236 4600; x_wconf 90' lang='lat' dir='ltr'>non</span> <span class='ocrx_word' id='word_1_361' title='bbox 1254 4556 1300 4601; x_wconf 77' lang='lat' dir='ltr'>ex</span> 
     </span>
    </p>
   </div>
   <div class='ocr_carea' id='block_1_11' title="bbox 59 4621 1317 4708">
    <p class='ocr_par' dir='ltr' id='par_1_11' title="bbox 59 4621 1317 4708">
     <span class='ocr_line' id='line_1_44' title="bbox 59 4621 1317 4708; baseline -0.002 -19"><span class='ocrx_word' id='word_1_362' title='bbox 59 4621 157 4689; x_wconf 91' lang='lat' dir='ltr'>libris</span> <span class='ocrx_word' id='word_1_363' title='bbox 179 4621 347 4706; x_wconf 87' lang='lat' dir='ltr'>impressis</span> <span class='ocrx_word' id='word_1_364' title='bbox 369 4623 490 4707; x_wconf 87' lang='lat' dir='ltr'>petitae</span> <span class='ocrx_word' id='word_1_365' title='bbox 508 4621 564 4688; x_wconf 90' lang='lat' dir='ltr'>sed</span> <span class='ocrx_word' id='word_1_366' title='bbox 582 4622 768 4690; x_wconf 89' lang='lat' dir='ltr'>selectiores</span> <span class='ocrx_word' id='word_1_367' title='bbox 786 4645 830 4690; x_wconf 81' lang='lat' dir='ltr'>ex</span> <span class='ocrx_word' id='word_1_368' title='bbox 845 4625 988 4693; x_wconf 87' lang='lat' dir='ltr'>testibus</span> <span class='ocrx_word' id='word_1_369' title='bbox 1004 4622 1156 4708; x_wconf 63' lang='lat' dir='ltr'>antiquis</span> <span class='ocrx_word' id='word_1_370' title='bbox 1172 4641 1317 4705; x_wconf 73' lang='lat' dir='ltr'>conges-</span> 
     </span>
    </p>
   </div>
   <div class='ocr_carea' id='block_1_12' title="bbox 0 0 1508 5024">
    <p class='ocr_par' dir='ltr' id='par_1_12' title="bbox 0 0 1508 5024">
     <span class='ocr_line' id='line_1_45' title="bbox 0 0 1508 5024; baseline 0 0"><span class='ocrx_word' id='word_1_371' title='bbox 0 0 1508 5024; x_wconf 95' lang='lat' dir='ltr'> </span> 
     </span>
    </p>
   </div>
  </div>
 </body>
</html>
