3000 5024
101 237 138 295 W
379 236 575 295 homones
592 237 1060 295 courturo-srueulmons.
1296 242 1336 303 79

101 407 215 490 audeo,
238 430 340 495 quum
360 408 431 494 ipse
453 409 561 475 maius
584 416 618 475 61
639 411 758 487 minus,
782 415 816 473 et
836 409 899 475 hoo
919 410 1052 493 quidem
1069 411 1239 493 utriusque
1258 411 1337 475 anni

100 502 201 562 notae
232 493 433 580 possideam,
466 502 639 579 postquam
670 495 800 581 pridem
829 491 1056 579 Stuttgerdiae
1089 494 1230 561 alterum
1264 518 1338 562 oum

102 581 207 648 altero
241 580 483 649 aoouratissime
518 583 652 646 oontuli.
711 578 848 648 Scilicet
879 583 1108 667 typographus
1141 583 1338 665 exemplaris

101 669 238 735 maioris
260 670 382 735 formas
404 669 451 733 ita
473 668 616 733 mutavit
644 674 683 733 ut
704 688 966 750 unamquamque
988 669 1175 734 oolumnam
1197 669 1232 732 in
1256 669 1338 734 duas

101 755 244 838 paginas
265 752 426 821 divideret
455 762 489 818 et
516 755 562 820 sio
592 774 633 818 ex
655 775 722 819 una
749 753 883 837 plagula
910 761 1050 837 quatuor
1078 756 1275 840 paginarum
1301 755 1338 817 in

98 841 177 924 solio
199 861 430 923 expressarum
451 861 533 923 quas
556 840 677 918 diount,
699 861 802 904 unam
823 840 860 903 in
883 841 1009 906 ootonis
1031 841 1172 907 sodeoim
1199 841 1337 924 pagina·

100 948 176 992 rum
198 927 329 993 faoeret
372 926 455 991 Fuit
475 925 639 1009 quondam
652 926 744 990 Hier.
760 925 985 991 Commolinus
1005 926 1233 1011 typographus
1255 927 1337 991 Hei-

101 1010 336 1097 delbergensis,
358 1034 459 1094 quum
481 1011 544 1077 hoo
566 1033 647 1095 opus
664 1012 811 1094 prodiret
831 1012 899 1076 iam
918 1013 984 1076 lato
1006 1014 1145 1078 funotus.
1190 1012 1337 1078 Vincen-

100 1099 170 1165 tius
192 1098 428 1182 Lugdunensis
450 1120 518 1163 non
541 1098 769 1181 typographus
791 1096 849 1161 sed
870 1097 1054 1180 bibliopola.
1088 1098 1130 1162 In
1148 1098 1337 1163 Lorokiano

101 1184 285 1269 exemplari
318 1184 472 1249 edit-ionis
500 1184 738 1267 Lugdunensis
769 1184 895 1247 nomini
922 1185 1014 1250 urbis
1048 1184 1154 1249 deleto
1183 1184 1339 1251 Genovae

100 1292 226 1337 nomen
247 1270 338 1355 typis
357 1270 540 1335 minoribus
562 1291 755 1352 expressum
778 1270 1021 1352 superpositum
1044 1277 1102 1335 est.

188 1355 302 1421 Editio
325 1356 430 1421 maior
452 1356 531 1421 66116
552 1357 741 1437 infrequens
763 1353 803 1419 de
825 1376 890 1437 qua
912 1357 951 1421 61.
970 1356 1106 1421 Lorokii
1123 1356 1197 1421 BG.
1217 1357 1261 1421 H.
1288 1360 1337 1421 10.

102 1441 292 1508 Masohium
315 1464 346 1525 p.
377 1444 448 1506 113.
474 1445 544 1505 384.
591 1439 749 1506 Additum
781 1450 832 1504 est
859 1440 899 1505 N.
930 1442 965 1504 Τ.
994 1441 1057 1507 hoo
1085 1442 1335 1507 Plautinianum

103 1549 181 1594 oum
203 1528 357 1595 versione
379 1528 480 1593 Ariae
501 1527 707 1591 interlineari
730 1527 821 1610 operi
848 1527 996 1610 triglotto
1019 1526 1105 1610 quod
1127 1549 1156 1592 a.
1188 1533 1266 1591 1581
1296 1550 1338 1594 ex

103 1614 238 1680 offioina
259 1612 540 1691 Sanotandroana
565 1614 695 1696 auspioe
714 1621 753 1677 ut
774 1612 905 1680 videtur
926 1614 1053 1678 Bonav.
1077 1613 1231 1679 Cornelio
1253 1614 1336 1679 Ber-

101 1706 212 1765 tramo
232 1700 414 1783 professore
443 1700 522 1764 olim
545 1698 735 1764 Genevensi
757 1699 931 1782 prodierat,
960 1698 1067 1764 Vetus
1089 1701 1338 1766 Testamentum

101 1785 212 1852 solum
233 1785 458 1869 complectens.
506 1783 568 1850 Oui
590 1786 657 1849 iam
679 1807 763 1851 novo
787 1785 882 1850 titulo
903 1805 1053 1868 novaque
1076 1787 1156 1850 anni
1178 1794 1256 1851 nota
1285 1809 1336 1851 or-

101 1878 184 1938 nato
211 1871 273 1938 hoo
295 1872 336 1937 N.
359 1873 400 1937 Τ.
428 1870 585 1936 haeredes
614 1869 820 1950 Oommelini,
851 1880 888 1935 ut
915 1871 1046 1955 integra
1069 1871 1181 1938 Biblia
1208 1875 1335 1952 fierent,

101 1957 181 2023 addi
194 1964 361 2024 ourarunt.
397 1957 511 2039 Quum
532 1978 613 2023 voro
633 1957 834 2039 exemplaria
856 1955 981 2022 tardius
1004 1957 1044 2022 ab
1066 1959 1247 2024 emtoribus
1270 1959 1336 2025 dis-

99 2044 331 2123 traherentur,
361 2044 483 2108 iterum
504 2044 600 2108 titulo
622 2051 749 2107 mutato
777 2065 804 2108 a.
836 2046 934 2122 1661,
968 2044 1064 2107 161116
1094 2045 1163 2110 vioe
1194 2065 1222 2109 a.
1256 2050 1335 2108 1616

100 2128 217 2195 eadem
235 2128 336 2195 editio
354 2130 449 2214 quasi
470 2150 557 2194 nova
573 2151 694 2196 venum
718 2128 795 2194 data
817 2137 874 2194 est.
908 2129 1018 2195 Huius
1035 2138 1219 2213 postremae
1241 2139 1337 2197 66166

100 2216 271 2299 exemplar
298 2223 407 2282 exstat
426 2216 546 2281 [161161.
592 2214 780 2281 Editionem
803 2237 830 2281 a.
859 2218 938 2279 1601
961 2216 1136 2299 ignorabat
1157 2219 1334 2284 Masohius.

187 2301 327 2368 Duobus
344 2309 475 2367 tantum
492 2300 571 2368 loois
589 2303 630 2368 ab
648 2300 792 2368 editione
810 2302 967 2384 primaria
983 2302 1121 2369 reoedit:
1146 2303 1285 2369 Philom.
1308 2311 1334 2369 1.

100 2387 150 2473 (J.
182 2390 260 2470 217)
290 2408 366 2454 oum
393 2386 564 2471 Stephano
596 2387 678 2472 legit
704 2388 794 2473 χάριν
823 2396 857 2452 61
889 2389 952 2470 Ap.
991 2393 1016 2467 1,
1050 2396 1079 2453 4.
1115 2411 1190 2455 oum
1223 2390 1337 2456 eodem

100 2473 150 2551 (J.
180 2472 254 2560 198)
276 2495 406 2538 aaaron
432 2472 518 2538 6611.
563 2473 631 2540 Sed
659 2475 747 2538 inter
775 2475 1000 2557 operationem
1027 2474 1134 2557 ipsam
1163 2477 1337 2541 mutanda-

100 2581 178 2625 rum
206 2560 387 2626 formarum
416 2561 533 2625 tertius
562 2560 681 2644 aliquis
709 2560 800 2626 loeus
828 2561 1020 2627 oorreotoris
1054 2583 1188 2626 manum
1217 2563 1321 2629 666611
1327 2586 1336 2642 ;

99 2667 181 2797 ἓξ)
203 2644 323 2712 11161111.
349 2648 399 2727 24,
425 2650 472 2711 15.
496 2646 533 2710 16
554 2647 672 2711 6161611
694 2646 874 2730 exemplari
895 2648 1018 2730 legitur
1040 2645 1132 2727 ἑστός,
1157 2650 1194 2712 111
1215 2649 1337 2714 6116611

152 2755 205 2807 ως.

242 2940 316 3000 111.1
360 2941 520 3018 [81661666]
540 2945 635 2999 666611.
653 2944 854 3000 Petraredela
872 2945 1000 3001 Roaiere.
1033 2943 1121 3002 1609.
1147 2946 1199 3015 fol.

174 3027 250 3087 lt*
292 3027 494 3086 AURELIAE
517 3032 694 3101 Allobrogum
711 3049 766 3087 ear.
784 3033 847 3087 Pet.
864 3035 899 3087 de
916 3034 946 3087 la
963 3033 1091 3088 Rouiere.
1123 3032 1212 3093 1609.
1244 3031 1271 3089 8.

189 3160 267 3228 Una
289 3159 466 3244 eademque
489 3169 540 3227 est
561 3161 660 3227 editio
683 3165 835 3247 quamvis
865 3164 1005 3230 diversis
1028 3165 1142 3230 formis
1171 3185 1336 3248 expressa,

102 3248 191 3313 61661
212 3247 300 3312 idem
321 3246 417 3313 modo
438 3249 473 3312 in
492 3249 752 3315 Gommeliniana
774 3251 957 3317 observavi.
990 3252 1111 3315 Petrus
1135 3249 1174 3316 de
1196 3251 1228 3316 la
1246 3253 1336 3317 Rou-

102 3335 194 3402 viere
213 3334 273 3418 (sio
294 3333 383 3398 enim
404 3333 502 3399 hodie
524 3336 732 3400 6166661666
754 3338 965 3414 scriberetur)
984 3337 1086 3402 latine
1104 3337 1211 3403 dietus
1230 3338 1336 3419 Quer-

103 3427 250 3499 oetanus,
274 3420 426 3485 hebraice
448 3421 568 3504 Kepha
588 3422 685 3499 Eion,
709 3423 819 3505 plures
839 3422 1015 3488 bibliorum
1038 3423 1197 3490 editiones
1219 3446 1336 3507 proou-

103 3508 193 3573 ravit
214 3527 320 3589 neque
341 3512 499 3589 typorum
521 3508 684 3591 elegantia
711 3529 817 3589 noque
845 3509 977 3574 ohartae
1005 3509 1157 3574 albedine
1179 3511 1335 3595 insignes.

104 3592 198 3659 Haeo
225 3600 354 3669 nostra,
384 3591 423 3656 do
451 3614 516 3675 qua
545 3592 619 3659 vido
648 3594 782 3658 omnino
808 3594 967 3659 Goezium
988 3617 1019 3679 p.
1054 3600 1100 3661 16.
1150 3598 1336 3662 Μ666111616

103 3699 135 3762 p.
160 3680 233 3757 113,
255 3685 385 3742 textum
402 3699 557 3762 graecum
579 3700 653 3744 oum
670 3680 820 3746 versione
841 3681 1048 3746 interlineari
1065 3703 1107 3747 ox
1124 3683 1338 3749 Plantiniana

104 3785 132 3829 a.
160 3769 240 3826 1684
263 3764 366 3830 661611
387 3764 475 3847 quod
503 3786 544 3830 ex
570 3764 640 3832 1666
673 3773 698 3831 1.
722 3767 807 3831 Tim.
837 3772 865 3846 4,
899 3774 922 3831 1.
953 3768 1181 3853 oolligendum.
1226 3770 1337 3834 Mutat

103 3859 216 3915 temen
228 3847 369 3915 eundem
382 3848 508 3915 duobus
520 3852 599 3918 loois
611 3853 652 3917 ad
663 3852 1060 3937 Erasmo·Stephanioum
1079 3855 1136 3932 (G.
1152 3859 1200 3918 53.
1213 3855 1257 3919 H.
1272 3859 1334 3934 68).

103 3936 251 4017 Aurelia,
271 3937 342 4001 sive
359 3943 397 4001 ut
414 3936 492 4001 alibi
510 3937 631 4003 dieitur
650 3939 785 4004 Oolonia
803 3941 1020 4023 Allobrogum
1036 3944 1108 4024 ipsa
1126 3948 1176 4005 est
1188 3941 1335 4020 Genava,

102 4022 250 4106 quaesito
271 4021 469 4089 6616166616
492 4025 654 4107 appellata
675 4032 749 4089 tum
777 4028 932 4109 temporis
962 4047 982 4091 a
1008 4028 1088 4095 viris
1110 4029 1336 4093 Romanorum

103 4130 287 4175 sermonem
309 4109 469 4175 curiosius
492 4111 727 4177 attentantibus.

156 4317 231 4381 18:³⁵
272 4318 475 4379 AURELIAE
493 4321 672 4395 Allobrogum
688 4341 744 4382 eoo.
761 4324 840 4382 Patr.
858 4327 893 4383 de
910 4324 940 4383 la
957 4325 1085 4384 11661616.
1116 4323 1206 4387 1609.
1237 4321 1286 4385 24.

188 4456 222 4522 A
243 4454 456 4540 praeoedente
478 4454 615 4538 diversa,
644 4478 735 4523 more
760 4482 885 4545 graeca,
914 4463 985 4527 6166
1012 4463 1079 4528 ullo
1105 4459 1333 4529 additamento.

102 4541 250 4608 'Portum
277 4543 411 4609 maioris
439 4543 592 4610 editionis
613 4551 723 4610 mutat
752 4547 856 4614 tribus
883 4547 974 4627 16616,
1003 4550 1156 4616 eorrootis
1185 4547 1275 4616 vitiis
1307 4556 1332 4618 l.

103 4628 189 4697 mnu
209 4635 240 4713 4,
262 4636 287 4695 1.
303 4637 339 4697 et
353 4631 416 4716 Ap.
437 4635 467 4714 3,
489 4637 516 4697 1.
536 4634 1342 4723 61166611161116661166-816611661661661166611·
