3000 5024
596 207 884 265 rannuoununr.
1319 220 1354 280 11

128 380 227 447 modo
258 380 421 446 minorem
454 379 598 464 adeoque
624 381 804 448 minimam.
857 381 948 466 Quos
978 384 1129 451 nonnulli
1155 408 1224 453 non
1246 386 1359 454 minus

131 467 270 535 sollicite
290 467 325 531 in
348 487 440 532 suam
460 474 656 549 receperunt
672 469 895 536 collectionem
917 493 1016 554 quam
1037 473 1170 557 integra
1190 473 1360 541 volumina

128 553 306 636 eodemque
323 554 395 618 iure
413 561 446 619 et
467 554 599 619 nomine
616 555 711 620 seriei
729 562 931 622 caeterorum
949 559 1168 624 inseruerunt.
1202 559 1270 624 Alii
1287 579 1359 625 eos·

128 639 204 706 dem
227 639 378 706 exsulare
398 641 575 717 iusserunt,
598 648 712 724 utpote
733 643 892 725 sequioris
916 643 1086 728 dignitatis
1108 646 1276 711 centuriae
1302 644 1359 711 ad·

128 725 327 794 scribendos.
358 727 431 810 Ego
449 725 590 791 mediam
611 728 696 792 viam
714 729 881 812 ingressus
898 730 1056 811 quasdam
1074 731 1191 795 talium
1202 730 1361 798 librorum

128 813 250 879 classes
272 812 401 877 silentio
427 813 607 896 praeterire
634 813 725 878 nolui
752 816 871 898 qnippe
897 838 957 900 pro
985 815 1113 882 consilii
1140 818 1206 881 moi
1232 817 1360 883 ratione

130 898 267 963 minime
289 921 309 963 a
331 899 428 964 rebus
450 899 531 963 meis
554 898 687 965 alienas.
716 900 832 982 Itaque
854 901 907 967 hic
925 903 958 966 in
981 922 1116 968 censum
1137 904 1272 968 venient
1293 903 1361 968 edi·

131 986 236 1050 tiones
256 984 331 1049 illae
352 1006 436 1067 quae
457 1005 610 1068 magnam
634 985 776 1068 aliquam
797 995 924 1069 partem
947 989 987 1053 N.
1017 989 1053 1053 Τ.
1082 988 1261 1068 continent,
1291 989 1361 1055 sire

131 1071 232 1136 libros
253 1070 426 1136 historicos
450 1092 578 1150 omnes,
602 1071 673 1137 sive
695 1073 865 1157 evangelia
885 1073 940 1141 rel
958 1074 1120 1157 epistolas,
1142 1074 1214 1141 sive
1237 1074 1279 1139 ad
1299 1075 1362 1139 mi-

130 1157 248 1222 ninam
270 1157 443 1241 evangelia
460 1157 632 1242 synoptico
649 1157 702 1225 vel
719 1157 820 1224 libros
837 1160 985 1242 paulinos
1003 1167 1062 1225 aut
1080 1160 1235 1244 epistolas
1252 1160 1362 1226 catho-

131 1243 213 1309 licas
236 1263 316 1326 quas
338 1243 454 1308 dicunt
476 1245 660 1326 separatim.
694 1243 872 1309 Librorum
893 1245 1098 1330 singulorum
1120 1253 1230 1311 autem
1249 1246 1363 1332 editio·

130 1349 268 1395 naseas
289 1337 418 1393 tantum
446 1329 621 1395 recensebo
642 1329 678 1394 in
701 1331 819 1413 quibus
842 1331 1039 1397 adornandis
1062 1333 1125 1398 viri
1148 1332 1233 1398 docti
1254 1333 1363 1417 ipsum

131 1422 259 1480 textum
283 1435 350 1479 non
373 1414 566 1498 simpliciter
587 1437 605 1481 e
627 1418 807 1482 vetustiore
833 1417 941 1500 aliquo
967 1417 1052 1483 libro
1074 1416 1275 1501 descriptum
1304 1417 1361 1484 sed

130 1502 265 1585 propria
279 1501 442 1567 industria
462 1502 621 1584 novisque
638 1503 725 1568 curis
742 1524 816 1570 reco
841 1506 946 1568 nitum
957 1504 1193 1570 exhibuerunt.
1219 1504 1363 1587 Reliqua

130 1589 235 1668 omisi,
247 1588 391 1652 maxime
402 1586 561 1652 editiones
572 1589 797 1671 perieoparum
815 1524 1058 1656 dominicalium
1070 1610 1211 1673 quornm
1221 1611 1363 1675 magnus

131 1681 240 1739 exstat
260 1694 427 1750 numerus,
451 1681 521 1738 tum
544 1673 731 1741 harmonias
753 1696 835 1759 quas
856 1683 977 1741 vocant
996 1676 1212 1761 evangelicas,
1235 1683 1364 1741 textum

131 1760 381 1844 synopticorum
402 1761 543 1824 mixtum
562 1760 771 1843 praebentes,
800 1761 940 1843 denique
968 1762 1127 1827 librorum
1155 1761 1363 1846 singulorum

130 1846 322 1930 apographa
343 1845 465 1928 absque
486 1865 565 1910 cura
586 1847 698 1912 critica
715 1847 750 1911 in
773 1868 870 1912 usum
889 1847 1074 1914 scholarum
1095 1868 1217 1914 recusa.
1250 1848 1362 1913 Etiam

129 1932 290 1998 editiones
312 1932 518 2016 singulorum
547 1930 692 1997 codicum
722 1933 1028 2016 manuscriptorum,
1056 1933 1098 1999 ad
1125 1954 1201 1999 eum
1229 1933 1363 1998 modum

129 2039 229 2102 quem
247 2019 300 2101 foe
320 2019 425 2085 simile
446 2025 565 2083 vocant
586 2018 775 2101 descriptas,
798 2019 852 2083 hie
872 2040 938 2084 non
958 2018 1100 2085 habebis.
1134 2019 1230 2100 Quae
1252 2019 1363 2086 omnia

129 2125 199 2170 non
231 2105 304 2170 ideo
331 2112 500 2189 praetereo
527 2104 613 2187 qnod
641 2124 661 2168 a
688 2125 800 2170 musco
828 2126 901 2170 meo
931 2106 1085 2170 exsulant
1112 2105 1249 2189 (adsunt
1275 2106 1363 2172 enim

128 2191 298 2275 plurima),
321 2189 377 2256 sed
400 2191 476 2274 quia
500 2211 520 2254 a
540 2191 704 2272 praesenti
724 2192 877 2257 instituto
898 2191 1007 2257 aliena
1028 2192 1234 2266 videbantur.

217 2276 340 2343 Sedet
362 2275 451 2342 aliud
480 2275 634 2360 quiddam
656 2277 691 2341 in
713 2275 909 2343 editionibus
932 2277 1163 2343 enumerandis
1184 2277 1363 2345 observan-

130 2363 209 2429 dum
233 2369 362 2445 estque
380 2363 757 2448 neglectobibliographi
774 2370 894 2429 erecto
911 2365 1043 2430 tramite
1061 2365 1191 2447 saepius
1208 2364 1290 2429 mihi
1306 2363 1363 2429 ab·

130 2470 258 2515 errasse
269 2448 433 2517 videntur.
467 2450 635 2515 Plurimae
653 2450 740 2515 enim
753 2456 886 2515 exstant
904 2449 1062 2515 editiones
1082 2471 1165 2533 quae
1183 2450 1252 2516 solo
1269 2450 1364 2514 titulo

129 2543 259 2602 mutato
278 2542 336 2601 aut
352 2556 440 2601 nova
457 2535 537 2600 anni
554 2544 632 2601 nota
648 2536 797 2619 adposita
812 2536 917 2601 altera
930 2536 970 2601 ab
989 2536 1092 2600 altera
1109 2536 1258 2602 diversae
1274 2541 1363 2614 sunt,

129 2624 202 2705 ipsa
223 2622 300 2687 libri
323 2622 506 2687 substantia
527 2627 561 2686 et
581 2622 761 2687 formarum
783 2622 1016 2705 compositione
1037 2623 1175 2687 minime
1196 2631 1363 2687 renovata.

130 2709 204 2774 Has
225 2708 370 2773 indicare
391 2705 532 2788 quidem,
555 2728 622 2772 non
643 2716 753 2773 autem
776 2709 912 2773 seorsim
934 2729 1107 2773 numerare
1129 2709 1176 2773 rei
1194 2714 1364 2774 consenta-

131 2816 233 2861 neum
252 2793 334 2858 mihi
356 2793 464 2859 visum
491 2800 550 2859 est.
594 2794 702 2859 Multo
731 2802 842 2859 autem
863 2794 974 2876 plnres
1002 2806 1081 2859 sunt
1107 2794 1206 2859 huius
1234 2793 1365 2878 generis

130 2881 206 2946 libri
229 2900 328 2962 quam
349 2880 415 2944 riri
437 2878 522 2944 docti
545 2879 621 2943 olim
645 2881 901 2962 suspicabantur,
925 2881 1071 2963 quinon
1099 2881 1162 2945 nisi
1183 2880 1364 2962 praesenti·

131 2969 193 3033 bus
214 2964 351 3031 testibus
373 2971 408 3030 et
429 2965 600 3031 collatione
621 2967 706 3032 faeta
723 2965 778 3033 rel
796 2965 1031 3050 dignoscendos
1047 2966 1101 3033 rel
1119 2964 1365 3050 coniungendos

132 3073 228 3118 nosse
248 3059 408 3134 poterant
442 3051 571 3118 Nostris
592 3053 736 3116 maxime
758 3052 959 3135 temporibus
981 3050 1186 3117 celebrantur
1206 3051 1365 3117 editiones

133 3139 337 3224 στερεοτιῐπως
358 3159 499 3204 excusae
521 3159 662 3221 quarum
683 3136 796 3203 eadem
816 3138 900 3201 ratio
923 3144 981 3203 est.

165 3345 180 3428 ξ
204 3347 232 3411 5.
278 3341 448 3412 OPERIS
470 3342 737 3411 Dlsroslrlo
758 3316 824 3410 Er
840 3341 1154 3412 (lOLLATIONIS
1176 3341 1330 3410 RATIO.

219 3484 339 3550 Varias
361 3482 495 3566 quidem
515 3483 654 3566 ingressi
677 3489 756 3548 sunt
778 3483 848 3548 vias
871 3482 957 3548 docti
977 3481 1041 3548 viri
1070 3482 1126 3564 qni
1148 3488 1226 3546 ante
1252 3485 1366 3545 nostra

133 3577 283 3655 tempora
304 3570 455 3634 notitiam
473 3567 662 3634 editionum.
696 3570 736 3633 N.
755 3562 922 3652 OE'graeci
943 3568 1072 3651 qualem
1095 3575 1128 3633 et
1145 3588 1205 3651 ego
1227 3564 1367 3630 meditor

134 3657 407 3741 conscripserunt.
441 3655 510 3720 Alii
528 3656 626 3734 enim,
649 3664 826 3738 praeeunte
847 3655 964 3720 Iacobo
986 3654 1036 3719 Le
1058 3655 1156 3737 Long
1177 3652 1368 3736 simpliciter

134 3743 284 3810 ordinem
306 3741 571 3824 chronologicum
593 3763 690 3824 quem
713 3740 827 3806 dicunt
848 3742 978 3823 sequuti
999 3761 1113 3805 omnes
1135 3738 1278 3821 reliquas
1300 3736 1367 3803 dis·

134 3827 329 3895 tribuendae
361 3829 518 3893 materiae
550 3829 694 3892 rationes
721 3826 947 3911 neglexerunt.
999 3826 1066 3891 Alii
1099 3825 1198 3891 simul
1229 3825 1368 3889 formam

135 3913 295 3981 librorum
317 3914 537 3998 respicientes,
560 3921 598 3978 ut
614 3913 769 3991 Lorkius,
793 3915 910 3978 scriem
931 3921 1046 3995 qnater
1068 3911 1255 3977 inchoatam
1275 3909 1368 3975 exhi·

133 4002 222 4068 bent.
259 4001 391 4068 Novum
414 3999 536 4082 aliquid
559 3998 622 4065 sibi
643 4000 842 4082 excogitavit
863 3999 1034 4065 Masehius
1052 3997 1094 4063 ab
1110 3997 1220 4062 indole
1242 4005 1275 4061 et
1295 3995 1369 4079 lege

134 4087 272 4152 maioris
304 4087 358 4151 sui
381 4087 488 4169 operis
515 4107 583 4150 non
612 4085 764 4151 alienum.
816 4084 883 4165 Qui
911 4105 1025 4149 omnes
1053 4084 1211 4149 editiones
1238 4084 1274 4148 in
1300 4087 1368 4146 tres

134 4172 255 4238 classes
288 4172 414 4252 divisit,
453 4173 593 4254 primam
632 4172 755 4237 scilieet
793 4192 905 4236 earnm
938 4190 1020 4252 quae
1054 4178 1181 4235 textum
1214 4187 1369 4253 graecum

134 4257 264 4324 nudum
286 4259 443 4337 referunt,
463 4257 641 4323 secundam
663 4278 776 4322 earum
794 4278 877 4340 quae
894 4257 1079 4321 versionem
1108 4254 1235 4319 addunt
1255 4272 1366 4331 unam,

135 4344 270 4409 tertiam
297 4344 436 4427 denique
457 4343 723 4429 polyglottarum.
768 4344 876 4425 Atque
901 4343 938 4405 in
960 4342 1101 4426 singulis
1129 4340 1287 4407 classibus
1314 4357 1369 4403 eas

134 4451 221 4514 quae
242 4431 411 4515 integrum
429 4451 588 4496 canonem
617 4428 806 4494 describunt
832 4427 1009 4511 separatim
1035 4426 1207 4493 collocavit
1235 4425 1276 4490 ab
1303 4423 1369 4490 illis

135 4528 223 4600 quae
250 4526 377 4601 partem
399 4523 529 4583 tantum
557 4515 715 4581 librorum
738 4535 903 4581 sacrorum
932 4513 1223 4596 comprehendunt.
1277 4511 1371 4577 Haeo

134 4604 297 4670 haetenus
316 4603 395 4669 satis
414 4603 569 4688 legitime,
592 4603 619 4667 si
641 4601 745 4666 solam
762 4607 937 4666 externam
955 4599 1135 4665 editionum
1152 4597 1370 4664 conditionem
