3000 5024
204 247 265 313 146
724 244 840 304 CAPUT
857 244 919 303 ΧΠ.
1411 239 1440 295 X

201 440 275 487 mea
295 418 332 484 in
352 416 435 485 duos
453 427 557 487 1111111
574 418 760 486 diviserunt
776 419 865 487 beati
881 440 1092 504 possessores.
1124 419 1165 485 In
1183 423 1279 484 textu
1298 414 1441 484 diversis

203 506 352 572 crucibus
370 497 889 589 11111111ὂίπαξθῐδὶςλεγόμενα
907 506 1131 593 designantur.
1163 504 1282 572 Versio
1293 500 1441 569 Imtheri

203 591 341 659 subinde
361 590 403 657 ad
425 593 641 679 archetypum
663 601 799 660 mutata.

287 695 458 780 Exprimit
488 703 621 763 textum
654 698 780 782 primae
809 697 978 763 Pritianae
1010 697 1104 764 euius
1135 693 1292 762 lectiones
1324 713 1441 758 omnes

203 780 323 847 adsunt
345 784 490 867 exeeptis
512 791 653 868 quatuor
672 790 711 863 (ξ.
733 787 782 850 15.
804 783 1043 864 11313111
1065 782 1182 866 quibus
1204 780 1245 846 ed
1266 779 1441 846 Elzeviros

203 867 297 946 redit,
319 868 367 933 ita
387 876 499 935 tamen
522 879 561 935 ut
582 893 649 937 uno
677 871 714 936 in
741 871 811 937 loco
842 876 868 936 1.
892 871 981 936 Petr.
1005 873 1034 949 1,
1059 873 1110 936 21.
1139 869 1314 935 lectionem
1340 865 1442 949 plane

204 955 406 1038 singularem
430 956 583 1022 exhibeat
603 957 690 1038 11μῶ1
713 956 789 1038 ἡμῖν.
830 959 1006 1023 Praeterea
1027 957 1093 1022 lac.
1117 961 1145 1034 4,
1172 960 1198 1020 2.
1222 953 1442 1020 Bebelianum

203 1040 282 1106 olim
303 1046 443 1125 φθονεῖτε
464 1045 584 1129 resipit
605 1045 691 1127 quod
713 1053 745 1110 et
766 1045 810 1110 H.
834 1041 1025 1128 Stephanus
1045 1041 1265 1108 adamaverat.

319 1304 394 1364 11.1
436 1305 726 1365 1111111111
744 1308 983 1365 aeratam
1005 1307 1146 1363 ramea.
1179 1303 1269 1362 1111.
1299 1304 1327 1362 1.
1436 1381 1439 1386 ¹

289 1453 479 1522 Editionem
501 1458 662 1541 promittit
684 1458 799 1523 titulus
820 1457 861 1525 ad
883 1456 1187 1541 probatissimorum
1209 1453 1361 1521 codicum
1384 1477 1441 1520 ex·

205 1539 314 1624 empla
345 1542 562 1627 recognitam,
596 1543 787 1610 chartarum
820 1552 853 1608 et
884 1553 1040 1628 typorum
1068 1542 1233 1627 elegantia
1263 1541 1442 1626 magnifiee

205 1626 411 1708 adornatam,
444 1631 648 1714 argumentis
678 1639 711 1695 et
743 1629 910 1713 parallelis
938 1630 1081 1695 curatius
1108 1631 1320 1707 instructam,
1355 1627 1441 1694 netis

205 1714 396 1799 theologicis
426 1714 635 1797 illustratam,
666 1717 804 1799 denique
826 1717 944 1784 vitiosa
970 1713 1229 1801 interpungendi
1255 1714 1385 1780 ratione
1408 1720 1443 1781 et

203 1799 333 1866 mendis
366 1801 610 1886 typographicis
643 1810 868 1888 expurgatam.
920 1803 966 1867 llt
997 1803 1076 1867 sane
1108 1800 1310 1886 typographi
1343 1820 1443 1867 curae

205 1888 296 1953 omni
322 1886 420 1953 laude
448 1888 580 1972 dignae,
613 1890 662 1954 ita
688 1896 727 1954 ut
753 1889 843 1955 illius
870 1889 986 1954 aetatis
1012 1887 1201 1954 hominibus
1230 1887 1311 1954 haec
1341 1886 1442 1954 editio

204 1974 293 2039 inter
320 1975 618 2057 praestantissimas
647 1976 785 2044 veniret.
829 1974 928 2057 Quod
956 1981 1067 2041 autem
1093 1974 1135 2040 ad
1163 1979 1294 2040 textum
1322 1974 1445 2041 attinet

206 2058 319 2126 doetus
346 2062 455 2144 operis
482 2060 588 2128 editor
617 2061 695 2128 (ihr.
726 2060 961 2146 Sigismundus
990 2061 1127 2146 Georgii
1153 2061 1318 2145 professor
1345 2061 1444 2126 theo·

205 2146 311 2230 legiae
334 2147 582 2232 Vitebergensis
614 2149 694 2214 satis
722 2155 846 2214 temere
879 2170 914 2214 se
941 2149 1084 2214 affirmat
1111 2146 1249 2213 Roberti
1277 2144 1445 2230 Stephani

205 2233 347 2315 primam
369 2234 431 2299 sibi
454 2234 569 2301 ducem
592 2236 729 2319 elegisse
750 2255 890 2318 quaeum
908 2235 989 2300 alias
1017 2234 1188 2320 (editiones
1212 2233 1351 2301 dicimus
1375 2256 1445 2301 non

205 2319 345 2397 codices)
375 2321 568 2400 contulerit,
602 2320 689 2403 quod
718 2321 892 2388 Knoehius
922 2342 952 2404 p.
986 2325 1063 2400 548,
1097 2320 1378 2405 Baumgartenius
1408 2322 1443 2385 in

205 2405 327 2470 Naehr.
357 2405 403 2471 ΙΙ.
430 2412 483 2485 44,
512 2408 683 2473 Maschius
711 2429 742 2490 p.
773 2412 834 2471 262
863 2409 1093 2479 incunctanter
1120 2414 1154 2472 et
1180 2407 1245 2490 ipsi
1274 2405 1442 2473 desinunt.

205 2492 333 2557 Verum
355 2492 437 2559 haee
458 2495 561 2558 nimia
583 2501 617 2559 et
638 2496 903 2576 praesumptione
924 2493 1030 2576 plena.
1064 2493 1151 2559 Nam
1169 2500 1281 2557 textus
1298 2499 1443 2572 nostrae,

205 2579 241 2642 in
262 2578 350 2645 binis
372 2579 533 2646 columnis
555 2579 751 2663 dispositus,
781 2579 893 2647 nullus
916 2589 967 2646 est
986 2580 1050 2646 uisi
1070 2580 1301 2647 Elaevirianus
1328 2599 1444 2645 reeen-

206 2663 351 2731 tissimus
375 2671 387 2740 (
393 2671 489 2745 1678)
516 2666 671 2734 undecies
700 2666 741 2731 ad
764 2664 1004 2749 Stephanieum
1032 2666 1085 2734 vel
1112 2665 1141 2732 si
1169 2664 1276 2732 mavis
1303 2665 1346 2730 ad
1367 2666 1445 2732 Pri·

206 2749 334 2815 tianum
357 2753 559 2818 emendatus.
605 2752 691 2819 Oum
712 2753 818 2819 Pritio
839 2753 928 2818 enim
948 2751 1113 2818 consentit
1141 2751 1248 2819 sexies
1274 2756 1312 2831 (ξ.
1339 2754 1367 2818 6.
1395 2758 1444 2817 13.

210 2841 257 2902 15.
274 2841 322 2904 18.
337 2840 386 2904 26.
401 2842 466 2917 36),
479 2847 647 2921 praeterea
658 2840 796 2905 assumit
808 2837 973 2923 Stephani
983 2839 1157 2906 lectionem
1168 2842 1270 2916 111113.
1286 2844 1314 2903 3.
1329 2840 1379 2904 21.
1394 2840 1444 2904 23.

206 2920 359 3007 Denique
387 2925 490 2990 Hebr.
518 2929 618 3003 111.
647 2926 746 3009 plane
773 2925 987 3010 singulariter
1014 2926 1128 2992 scribit
1156 2914 1446 2990 1111111111

206 3008 291 3074 forte
322 3009 384 3075 hoe
412 3032 543 3077 merum
571 3012 727 3078 mendum
750 3017 790 3092 (ξ.
823 3015 877 3093 25)
907 3012 1023 3093 fuerit,
1052 3013 1132 3078 item
1160 3018 1186 3078 1.
1215 3012 1304 3079 Petr.
1332 3013 1368 3092 2,
1395 3017 1444 3077 11.

208 3099 251 3174 (ξ.
276 3097 331 3182 27)
355 3094 439 3178 ἡμῶν
461 3096 539 3179 sipia.

321 3325 398 3387 dl*
440 3325 730 3385 WITTEBERGAE
747 3328 921 3384 1111111111.
943 3328 987 3384 M.
1009 3328 1150 3385 Teubneri.
1186 3327 1277 3385 1737.
1301 3329 1331 3390 8.

293 3474 387 3551 Haec
408 3476 512 3552 altera
533 3477 672 3563 Georgii
688 3478 788 3545 editio
810 3478 913 3561 priori
932 3478 1118 3546 versionem
1134 3477 1241 3545 -Ariae
1258 3478 1361 3561 addit,
1384 3479 1446 3547 ali-

210 3582 262 3625 am
291 3563 475 3646 praemittit
503 3562 748 3645 dedicationem,
777 3565 981 3648 praemonita
1007 3565 1142 3631 editoris
1170 3565 1357 3648 paullulum
1388 3588 1446 3650 pro

209 3669 246 3712 re
269 3657 377 3714 mutat
394 3658 427 3715 et
449 3651 594 3734 quinque
612 3652 794 3734 postillam
815 3650 982 3718 mensibus
999 3652 1147 3718 absoluta
1165 3661 1225 3732 est,
1247 3660 1285 3717 ut
1302 3675 1347 3718 ex
1369 3652 1446 3720 sub-

210 3735 386 3818 scriptione
409 3736 619 3819 praefationis
646 3744 745 3820 patet.
793 3738 918 3803 'sextus
945 3739 1015 3820 ipse
1048 3737 1128 3803 adeo
1158 3739 1330 3822 utriusque
1357 3738 1447 3804 idem

209 3829 248 3884 ut
270 3820 325 3886 diu
348 3822 512 3889 haeserim
540 3821 658 3889 dubius
680 3844 790 3889 aunon
813 3845 879 3888 una
901 3824 1078 3907 eademque
1105 3825 1285 3891 formarum
1313 3846 1447 3913 compo·

209 3907 285 3973 sitio
306 3909 406 3974 fuerit
427 3909 571 3994 adeoque
586 3931 661 3976 una
678 3916 810 3976 tantum
832 3909 930 3975 editio
952 3912 1165 3977 numeranda.

293 4140 366 4208 322*
408 4146 565 4205 LIPSIAE
583 4157 609 4204 et
626 4149 761 4206 Goerliea'i
775 4151 806 4205 a'a
823 4150 976 4223 bibliopolio
994 4151 1171 4208 Mm'eltimw.
1209 4150 1298 4212 1744.
1335 4149 1364 4212 8.

297 4307 486 4373 Editiouem
524 4309 653 4374 curavit
692 4308 771 4375 Ohr.
813 4308 1066 4394 Sehoettgenius
1105 4309 1235 4378 scholae
1274 4312 1450 4378 eruciauae

212 4393 411 4459 Dresdensis
434 4402 548 4474 rector,
572 4396 682 4460 11111
705 4395 808 4461 literis
831 4394 956 4462 biblieis
976 4404 1009 4461 et
1030 4397 1208 4464 rabbiniois
1229 4396 1339 4465 clarus
1362 4406 1397 4464 et
1413 4400 1450 4463 in

212 4478 274 4544 hoc
295 4479 377 4545 libro
400 4502 522 4546 novum
544 4482 667 4564 aliquid
690 4482 832 4547 mohtus.
878 4483 1004 4566 Nempe
1026 4484 1177 4569 neglecta
1193 4482 1338 4568 *vulgari
1359 4487 1451 4569 oapi·

213 4573 285 4629 tum
308 4565 467 4631 divisione
497 4576 623 4632 textum
650 4569 687 4632 in
715 4567 873 4650 plurimas
902 4571 1044 4635 minores
1070 4571 1230 4637 sectiones
1259 4571 1452 4656 dispescuit,

208 4659 410 4734 argumenta
430 4652 545 4738 latina,
565 4655 631 4723 imo
648 4653 771 4742 passim
792 4655 947 4723 fusiorem
964 4654 1210 4742 dispositionem
1226 4656 1371 4744 logicam
1391 4657 1452 4727 nd-
