3000 5024
204 270 245 332 70
694 265 810 324 OAPU'l'
828 265 874 322 v1.
1402 263 1440 321 W

239 524 312 588 aa*
354 530 633 594 muncorunrr
650 551 695 605 ap.
713 533 755 589 10.
772 533 863 588 116.
879 540 907 589 a
930 531 1030 605 wora
1042 535 1106 605 aa
1124 532 1246 590 aaa
1260 486 1399 590 116161.

746 617 836 675 1661.
866 618 895 676 8.
998 622 1001 629 ’

211 756 213 762 ·
290 735 402 799 Editio
420 735 571 801 omnibus
589 735 646 817 qui
664 733 756 800 (16Ν.
769 735 805 799 Τ.
825 734 1027 817 scripserunt
1044 735 1208 818 ignotast
1226 755 1305 800 sane
1325 733 1440 818 singu-

205 822 293 886 laris,
345 822 491 884 Textum
520 821 618 886 habet
645 820 941 906 Brylingerianum
970 841 1067 902 quem
1093 820 1152 885 illo
1180 819 1310 886 saeculo
1341 841 1441 885 nemo

206 908 294 992 typis
316 905 419 972 edidit
442 906 629 990 etquidem
651 927 692 971 ex
714 903 930 988 praecedente
951 906 1170 972 Paltheniana
1192 906 1313 990 absque
1331 912 1441 971 muta-

203 995 292 1059 tione
321 993 509 1075 repetitum.
561 990 625 1057 Oui
646 992 737 1058 addit
767 1013 931 1058 summam
954 992 1119 1058 doctrinae
1148 993 1357 1070 christianae,
1386 993 1440 1057 in-

206 1078 311 1145 dicem
333 1079 555 1162 theologicum
577 1084 611 1143 et
634 1080 819 1146 versionem
840 1078 986 1157 Erasmi,
1017 1100 1101 1164 quae
1129 1081 1239 1144 omnia
1265 1079 1301 1143 in
1322 1076 1442 1145 editio-

107 1164 110 1170 ’
205 1166 303 1231 nibus
325 1164 551 1231 Selfischianis
572 1164 752 1245 habentur;
779 1164 957 1231 versiculos
979 1171 1092 1229 tamen
1119 1186 1186 1231 non
1207 1164 1272 1232 nisi
1292 1165 1441 1231 numeris

206 1253 293 1317 inter
316 1251 410 1317 binas
433 1256 587 1315 textuum
609 1250 776 1316 columnas
797 1249 913 1336 positis
935 1249 1119 1336 distinguit.

391 1507 408 1591 ς
433 1512 460 1574 a
505 1506 668 1574 norrro
692 1507 1257 1577 cnumurro-nrsnarrur,

292 1666 393 1730 Inter'
405 1686 504 1748 opera
521 1664 788 1730 Lutheranorum
811 1665 980 1748 exegetica
1001 1671 1158 1749 vergente
1178 1685 1260 1731 saec.
1282 1663 1372 1730 XV]
1392 1667 1444 1731 in·

209 1759 308 1817 eunte
320 1752 427 1817 XVII
437 1752 526 1817 edita
537 1751 660 1815 eminet
670 1752 854 1815 Harmonia
867 1751 1054 1835 evangelica
1064 1772 1084 1815 a
1094 1752 1241 1817 Martino
1253 1750 1444 1817 Ohemnitio

208 1839 352 1920 primum
374 1838 540 1916 inchoata,
565 1858 584 1901 a
605 1837 788 1922 Polycarpo
810 1838 938 1922 Lysero
960 1839 1162 1917 continuata,
1192 1837 1331 1921 denique
1354 1859 1374 1902 6
1395 1838 1442 1903 Io.

209 1922 383 1990 Gerhardo
406 1922 448 1988 ad
469 1926 570 1989 finem
591 1923 757 2005 perducta.
802 1922 857 1988 De
885 1924 1001 2006 quibus
1029 1924 1280 1990 triumvirorum
1301 1923 1444 1989 clarissi-

208 2031 337 2075 morum
361 2007 479 2075 studiis
499 2010 595 2093 plura
618 2008 726 2074 dicere
754 2031 821 2074 non
844 2010 943 2075 huius
971 2009 1034 2075 loci
1062 2019 1120 2076 est
1164 2009 1234 2076 Sed
1261 2006 1301 2074 ad
1330 2016 1445 2075 nostra

208 2097 376 2179 pertinent
403 2096 491 2179 quod
518 2095 660 2161 versioni
687 2101 720 2159 et
747 2096 980 2160 commentario
1013 2102 1299 2179 textumquoque
1327 2095 1444 2162 arche·

208 2190 327 2267 typum
350 2182 490 2259 addunt,
520 2181 568 2245 ita
591 2179 722 2263 quidem
744 2180 943 2264 descriptum
970 2190 1009 2246 ut
1036 2183 1073 2246 in
1100 2182 1141 2248 iis
1169 2182 1329 2265 capitibus
1359 2201 1444 2264 quac

209 2268 353 2352 plurium
376 2267 573 2350 scriptorum
595 2265 696 2332 verba
724 2268 872 2332 referunt
900 2267 1045 2351 primum
1074 2269 1281 2352 singulorum
1306 2268 1445 2334 seorsim

210 2355 316 2438 posita
337 2352 524 2431 exhibeant,
549 2352 668 2416 deinde
689 2353 776 2417 inter
798 2375 832 2418 se
854 2354 967 2418 mixta.
1003 2352 1098 2436 Opus
1120 2354 1229 2436 ipsum
1250 2375 1309 2437 per
1330 2359 1444 2436 partes

209 2440 331 2523 prodiit
353 2442 481 2523 saepius
502 2440 688 2521 interrupto
710 2437 820 2503 labore
848 2439 895 2502 ita
920 2445 958 2503 ut
978 2439 1178 2522 exemplaria
1199 2460 1282 2523 quae
1303 2439 1444 2506 circum-

209 2528 362 2591 feruntur
383 2526 475 2592 varie
496 2525 686 2608 imperfecta
707 2525 806 2607 paulo
829 2525 992 2591 difficilius
1014 2525 1164 2609 singulas
1186 2525 1344 2592 editiones
1367 2547 1444 2592 con-

211 2613 359 2678 stituant.
404 2613 490 2678 Ecce
513 2632 595 2694 quae
617 2611 756 2676 certiora
777 2611 894 2676 offerre
916 2609 956 2674 de
978 2612 1030 2676 his
1052 2632 1199 2694 possum.

233 2804 282 2866 22.
327 2804 606 2864 FRANOOFURTI
626 2807 667 2860 cd
683 2806 814 2860 Mocacm
836 2823 869 2861 ac
891 2807 1007 2876 officina
1030 2807 1130 2878 Wolsq.
1148 2807 1275 2864 Richtcri
1289 2809 1421 2880 turpem

302 2912 306 2920 ·
621 2893 663 2948 Io.
682 2891 804 2964 Spicrci.
836 2891 916 2950 1593
936 2909 974 2948 ss.
1004 2893 1033 2949 4.

296 3024 371 3091 Hoc
394 3045 480 3090 anno
509 3023 633 3089 scilicet
661 3025 810 3109 Lyserus
836 3024 1016 3091 Ohemnitii
1043 3025 1172 3092 labores
1198 3025 1344 3109 primum
1371 3033 1447 3110 post

212 3112 338 3178 obitum
361 3111 485 3178 autoris
507 3110 622 3190 edidit,
652 3111 774 3176 librum
795 3111 822 3176 I.
846 3118 879 3176 et
899 3110 944 3174 H.
969 3117 1003 3174 61
1030 3112 1120 3177 tertii
1147 3122 1275 3195 partem
1302 3113 1448 3196 priorem

212 3220 316 3282 usque
338 3197 380 3262 ad
402 3195 488 3262 Sect.
512 3196 588 3276 LI.‚
619 3218 702 3280 quae
729 3198 870 3280 repetita
891 3201 968 3262 sunt
996 3219 1025 3262 6.
1052 3201 1131 3261 1599
1155 3201 1305 3265 611600.
1350 3199 1447 3265 Libri

212 3285 276 3349 ΠΙ.
299 3285 383 3350 Pars
404 3283 449 3347 II.
472 3283 601 3368 Lysero
623 3289 735 3348 autore
758 3283 880 3366 prodiit
901 3283 1035 3365 Lipsiae
1056 3287 1137 3345 1604
1156 3304 1206 3367 ap.
1225 3284 1272 3349 M.
1291 3285 1447 3351 116111611-

213 3370 395 3454 bergerum
415 3370 498 3435 libor
516 3377 653 3451 quartus
670 3368 796 3434 duabus
813 3369 962 3453 partibus
973 3369 1183 3434 Francofurti
1197 3374 1276 3433 1608
1298 3377 1332 3435 61
1352 3376 1433 3435 1610
1439 3396 1447 3452 ;

214 3456 321 3539 quinti
343 3477 420 3538 pars
442 3455 532 3537 prior
557 3459 655 3536 1611;
685 3463 718 3520 61
739 3457 860 3520 iterum
882 3455 945 3519 hae
969 3463 1036 3520 tres
1058 3462 1168 3537 partes
1194 3459 1273 3518 1613
1297 3457 1341 3521 ad
1366 3461 1446 3519 1616

213 3542 370 3624 impensis
391 3542 418 3605 I.
442 3542 468 3606 I.
492 3541 610 3619 Persii,
634 3542 723 3626 typis
745 3542 802 3607 Er.
825 3540 999 3624 Kempferi
1019 3541 1150 3606 ibidem.
1182 3542 1246 3607 His
1268 3563 1351 3626 opus
1373 3565 1447 3628 per-

216 3627 350 3694 ductum
380 3627 421 3692 ad
449 3636 524 3694 sect.
556 3627 659 3693 CXL.
711 3627 805 3708 Quae
837 3627 948 3692 omnia
981 3628 1083 3692 totius
1115 3628 1228 3711 operis
1254 3629 1393 3695 Partem
1419 3629 1446 3696 Ι.

216 3714 383 3798 appellare
405 3713 510 3792 liceat,
532 3714 585 3780 vel
609 3713 1041 3799 Ohemnitio·Lyserianam.

299 3801 425 3864 Textus
458 3798 851 3883 Erasmo·Stephanicus
884 3799 938 3865 vel
967 3800 994 3864 si
1026 3799 1131 3865 mavis
1158 3799 1447 3884 Brylingerianus;

215 3885 335 3951 adsunt
363 3887 452 3950 onim
480 3886 635 3953 lectiones
662 3886 853 3951 Erasmicae
879 3887 919 3950 F.
943 3890 993 3950 44.
1022 3886 1060 3951 Ρ.
1086 3889 1157 3949 177.
1182 3888 1252 3950 180.
1278 3889 1350 3952 181.
1376 3890 1447 3952 190.

215 3972 254 4051 Q.
280 3976 351 4037 194.
377 3975 448 4035 195.
470 3972 512 4038 U.
537 3979 564 4036 7.
611 3973 716 4037 Vetus
744 3978 857 4036 contra
878 3972 934 4038 W.
961 3975 997 4031 17
1027 3978 1061 4036 61
1082 3972 1175 4057 Bryl.
1200 3975 1219 4031 4
1246 3971 1283 4037 111
1311 3974 1448 4038 caeteris

215 4056 423 4208 Stephargrm
446 4058 594 4140 sequitur
615 4057 671 4122 ubi
695 4058 750 4122 hio
772 4056 813 4122 ab
834 4059 974 4124 Erasmo
997 4056 1143 4136 discedit,
1167 4057 1269 4123 semel
1290 4057 1448 4144 Oomplu·
1498 4092 1499 4096 ¹

215 4152 324 4208 tenses
380 4193 387 4208 .
414 4146 461 4207 12.

300 4228 364 4294 cui
386 4230 513 4312 primae
535 4230 620 4311 parti
650 4229 759 4313 operis
781 4229 939 4297 accedunt
967 4228 1052 4294 duae
1080 4227 1163 4293 aliae
1186 4228 1447 4298 Gerhardianae.

214 4316 259 4380 Io.
285 4316 479 4382 Gerhardus
501 4316 751 4382 commentarios
773 4317 809 4381 in
831 4316 1037 4381 harmoniam
1055 4313 1210 4380 historiae
1232 4317 1396 4398 passionis
1417 4324 1450 4383 et

216 4403 466 4470 resurrectionis
493 4401 593 4468 edidit
622 4402 723 4467 Ienae
754 4404 844 4486 typis
878 4409 911 4466 et
939 4401 1101 4466 sumtibus
1130 4402 1208 4467 rob.
1238 4400 1450 4469 Steinmanni

220 4494 309 4554 1617.
334 4497 361 4555 4.
386 4512 452 4555 non
475 4496 512 4554 ut
533 4489 741 4554 harmoniam
764 4488 1029 4554 Ohemnitianam
1057 4487 1279 4569 continuaret,
1308 4511 1394 4573 qnae
1415 4491 1451 4554 in

216 4596 283 4657 cap.
308 4575 353 4640 Io.
364 4576 426 4641 XI.
451 4576 570 4641 Matth.
581 4577 660 4641 XX.
683 4575 840 4653 subsistit,
862 4572 921 4640 sed
941 4573 1142 4657 singularem
1163 4574 1295 4642 librum.
1329 4576 1451 4643 Postea

212 4682 289 4725 vero
311 4684 332 4727 a
345 4663 503 4745 pluribus
520 4671 657 4749 rogatus
675 4663 762 4729 inter
779 4666 1097 4745 utramquepartem
1114 4661 1142 4728 Ι.
1162 4668 1196 4727 61
1212 4660 1277 4728 ΙΠ.
1296 4661 1450 4730 lacunam
