3000 5024
659 1423 663 1428 '
702 1417 821 1476 OAPUT
838 1417 929 1475 xxn.

631 1591 988 1691 EDITIONES

265 1761 1343 1863 GRIESBACHIO·LACHMANNIANAE.

357 2073 406 2139 a*
429 2078 588 2137 numme
613 2078 712 2151 raray
729 2097 781 2136 va
797 2081 833 2136 rr.
852 2081 885 2137 r.
903 2081 1014 2137 maor.
1037 2079 1115 2138 reas
1139 2051 1212 2153 aaa.
1236 2078 1273 2140 e.-

279 2212 382 2297 Leop.
405 2211 545 2276 Imman.
565 2212 722 2290 Rdckert,
745 2219 854 2278 rector
872 2211 1048 2297 Gymnasii
1069 2211 1292 2292 Zittaricnsis,
1315 2220 1431 2312 postea

194 2298 378 2382 theologiae
405 2297 567 2380 professor
593 2301 628 2361 in
656 2296 823 2363 academia
844 2297 986 2378 Ieneusi,
1009 2299 1062 2366 vir
1084 2298 1206 2364 eximia
1227 2299 1377 2364 doctrina
1397 2305 1431 2365 et

193 2385 297 2451 nobili
324 2386 358 2449 in
388 2382 586 2450 vindicanda
613 2383 769 2449 scientiae
797 2384 1001 2469 theologicae
1022 2384 1172 2450 libertate
1191 2384 1349 2476 παρῤησίᾳ
1364 2385 1430 2451 ela·

193 2471 353 2550 rissimna
376 2469 627 2536 commentarios
640 2468 742 2534 edidit
758 2469 793 2535 in
811 2470 922 2552 plures
943 2470 1096 2554 epistolas
1116 2471 1267 2554 paulinas
1288 2492 1431 2554 quorum

194 2556 362 2622 nonnullis
393 2559 501 2640 ipsum
529 2562 656 2620 textum
690 2577 768 2620 ase
801 2558 1005 2641 recognitum
1037 2557 1214 2642 praemisit.
1265 2558 1371 2624 Abest
1402 2559 1430 2624 is

194 2641 325 2728 quidem
348 2642 389 2707 ab
410 2641 557 2727 epistolis
580 2641 620 2707 ad
633 2642 801 2707 Romanos
822 2650 856 2707 et
867 2642 1014 2723 Galatas,
1036 2645 1181 2727 primum
1199 2642 1306 2723 editis,
1324 2664 1430 2726 neque

194 2738 268 2797 tum
288 2729 445 2812 temporis
472 2735 568 2793 autor
597 2749 667 2793 rem
689 2728 836 2793 criticam
857 2750 1056 2812 magnopere
1078 2749 1209 2796 curasse
1230 2729 1371 2810 videtur,
1394 2735 1430 2796 ut

194 2840 236 2884 ex
258 2837 297 2882 oa
336 2836 400 2899 qua
439 2814 605 2882 variantes
639 2813 795 2881 lectiones
828 2815 987 2881 diiudicat
1019 2815 1145 2881 ratione
1175 2815 1285 2900 colligi
1314 2821 1429 2899 potest.

194 2904 315 2971 Postea
336 2923 414 2969 vero
443 2900 484 2966 de
510 2901 562 2965 his
591 2901 694 2966 multo
722 2902 828 2985 magis
848 2902 1006 2967 sollicitus
1028 2901 1181 2984 epistolas
1203 2901 1245 2968 ad
1266 2900 1430 2985 Ephesios

195 2998 229 3055 et
250 2988 441 3055 Corinthios
469 3009 566 3071 quam
596 2987 846 3071 castigatissime
875 2987 916 3052 ad
944 2987 1091 3054 codicum
1120 2987 1218 3052 fidem
1241 2987 1339 3054 edere
1361 2994 1431 3054 stu·

196 3077 275 3142 duit.
320 3073 471 3156 Quarum
504 3079 616 3138 textus
643 3080 681 3138 ut
709 3073 889 3155 plurimum
916 3074 1208 3139 Lachmannianus
1235 3081 1294 3152 est,
1325 3094 1431 3157 aquo

195 3171 308 3228 tamen
329 3180 568 3244 nonnunquam
589 3158 630 3224 ad
659 3159 722 3222 alia
753 3159 881 3224 transit.
927 3158 1061 3231 Scilicet
1088 3159 1187 3225 missa
1215 3181 1302 3226 nova
1330 3161 1432 3244 scrip-

195 3257 271 3314 tura
299 3247 341 3314 ad
368 3254 513 3312 veterem
544 3244 631 3310 redit
662 3264 744 3328 quae
777 3250 810 3308 et
831 3245 1045 3310 Griesbachio
1066 3246 1233 3329 placuerat
1257 3245 1339 3311 locis
1360 3247 1433 3312 his:

197 3336 252 3402 W.
277 3338 326 3398 23.
350 3335 383 3398 Σ,
409 3337 458 3396 83.
484 3337 532 3398 84.
558 3335 606 3395 88.
633 3335 702 3394 103.
730 3334 786 3392 133
796 3353 804 3409 ;
833 3329 875 3394 ad
903 3331 1079 3396 obsoletam
1101 3332 1305 3398 Erasmicam
1330 3332 1434 3399 semel

197 3420 345 3503 confugit
371 3419 403 3485 J.
432 3423 519 3497 105;‚
540 3438 641 3483 uncos
675 3416 761 3480 delet
798 3413 833 3481 S.
859 3420 919 3478 318
927 3439 936 3496 ;
964 3416 1078 3482 iisdem
1107 3419 1211 3482 utitur
1237 3417 1294 3483 ubi
1322 3419 1434 3486 Lach-

197 3527 341 3572 mannus
358 3525 473 3571 vocem
494 3504 638 3585 aliquam
653 3502 793 3569 eiecerat
810 3507 850 3567 Λ.
865 3507 914 3567 85.
934 3502 970 3567 Ζ.
987 3506 1044 3566 108
1061 3503 1114 3569 vel
1127 3503 1312 3570 inseruerat
1326 3506 1366 3570 Θ.
1383 3510 1433 3571 99.

204 3591 272 3659 Sed
294 3599 327 3656 et
350 3591 481 3675 propria
503 3597 538 3655 et
559 3588 736 3672 peculiaria
757 3588 858 3654 habet
879 3589 1040 3671 quaedam
1067 3590 1204 3656 minime
1224 3589 1434 3676 negligenda

245 3681 283 3743 Φ.
308 3700 336 3744 a.
363 3684 388 3742 l.
417 3685 442 3741 1.
467 3675 541 3743 (lor.
567 3680 597 3754 4,
624 3679 671 3739 13.
696 3679 751 3745 (Λ.
777 3679 833 3751 97)
857 3673 1097 3758 δυσφημούμενοι
1119 3676 1147 3741 Ῥ

355 3768 383 3829 a.
411 3770 437 3829 l.
461 3763 536 3829 Cor.
562 3767 591 3842 8,
622 3765 650 3825 8.
680 3762 737 3837 (e.
766 3764 840 3839 105)
874 3759 924 3825 ἐὰν
951 3759 993 3841 μή
1022 3761 1091 3846 pay.
1120 3781 1185 3845 περ,
1219 3768 1315 3829 oaett.
1347 3763 1436 3848 quod

612 3848 749 3914 Lachm.
772 3847 809 3910 in
831 3845 879 3912 ed.
903 3846 948 3913 H.
972 3850 1095 3931 recepit
1116 3849 1154 3916 cl.
1177 3850 1213 3914 Σ.
1238 3853 1278 3913 98

357 3942 385 4002 3.
409 3941 436 4001 2.
463 3935 536 4002 Oor.
566 3941 590 4011 1,
617 3939 663 3997 10.
688 3934 745 4011 (Y.
771 3938 826 4010 81)
850 3954 913 3998 om.
936 3936 988 3998 καὶ
1009 3933 1108 4019 ῥύεται
1129 3935 1167 4001 of.
1190 3936 1224 4000 Σ.
1253 3938 1312 3998 132

357 4028 384 4088 4.
410 4025 437 4086 a.
461 4022 535 4088 Oor.
563 4024 611 4099 lt,
635 4024 663 4083 7.
688 4019 746 4097 (Y.
760 4024 816 4096 to)
838 4039 900 4084 om.
919 4020 1081 4103 posterius
1099 4021 1149 4084 ἵνα
1166 4019 1207 4101 μή
1225 4019 1436 4108 ὕπεραίρωμαι

357 4115 384 4175 5.
407 4108 492 4190 Eph.
518 4112 546 4186 4,
574 4109 620 4169 16.
645 4106 703 4182 (Y.
729 4108 783 4181 82)
805 4110 911 4186 μέλους
933 4105 1006 4192 (pro
1026 4105 1150 4192 μέρους)
1173 4108 1218 4172 ΤΟ

358 4198 386 4260 6.
407 4194 492 4277 Eph.
519 4198 547 4271 5,
574 4195 623 4256 22.
649 4195 704 4268 (Π.
731 4196 786 4270 83)
809 4213 872 4258 om.
895 4190 1107 4258 ὑποτάσσεσθε
1129 4194 1166 4258 Τ.

399 4370 456 4430 2*
477 4368 632 4426 LIPSIAE
649 4371 782 4426 aaroni
804 4371 943 4427 Lemo.
960 4371 1082 4430 Baretta.
1105 4369 1195 4430 1834.
1220 4371 1249 4432 8.

287 4489 352 4556 Est
377 4492 484 4552 tomus
511 4485 639 4571 primus
668 4486 893 4552 commentarii
919 4487 954 4552 in
981 4486 1138 4571 epistolas
1155 4486 1195 4552 N.
1220 4487 1268 4567 Τ..
1287 4489 1396 4570 operis
1417 4509 1435 4554 a

200 4574 386 4648 duumviris
408 4572 604 4642 doctissimis
624 4572 667 4639 H.
693 4572 731 4641 A.
754 4569 902 4642 Schottio
924 4573 1057 4641 lenensi
1080 4579 1113 4642 ot
1134 4572 1196 4640 Iul.
1219 4573 1259 4640 F.
1278 4574 1435 4643 Winaero
