3000 5024
207 220 246 280 32
737 216 854 271 CAPUT
872 216 908 270 Π.
1416 217 1442 272 U

205 385 423 471 stapulensis,
447 407 566 472 agmen
588 387 712 454 claudit
733 387 888 472 Vulgata.
933 387 987 453 Ex
1009 387 1181 454 collatione
1208 385 1322 454 sedulo
1343 388 1441 454 insti·

204 480 277 538 tuta
299 475 430 538 Erasmi
452 474 631 540 secundam
653 473 860 558 paucissimis
882 474 962 540 locis
984 480 1144 539 mutatam
1166 474 1267 540 huius
1289 474 1442 541 Venetae

203 559 327 625 fontem
349 561 448 626 fuisse
469 561 594 644 colligo.
639 561 793 626 Varistae
814 560 964 626 lectionis
985 582 1028 625 ex
1046 560 1170 626 Aldina
1191 561 1331 644 repetita
1346 560 1441 628 vide·

203 652 260 712 tur
282 668 357 712 cum
377 669 443 730 qua
470 654 584 712 nostra
605 646 684 712 facit
713 645 782 712 001.
815 652 840 726 l,
865 651 893 711 2.
925 647 971 723 (J.
995 646 1073 730 216)
1101 655 1135 712 11
1161 654 1185 712 l.
1210 647 1294 712 eim.
1326 651 1356 727 5,
1388 649 1441 712 21.

203 730 292 817 (Ald.
311 733 355 817 6).
387 734 527 799 Praeter
544 754 654 798 meum
676 733 844 816 exemplar
861 733 1049 816 nuperrime
1066 731 1198 798 demum
1215 732 1439 816 redemptum,

202 817 267 882 alia
288 818 351 883 duo
372 827 503 885 tantum
524 819 561 883 in
582 819 635 885 his
664 820 762 885 terris
784 827 915 885 exstare
941 819 1105 898 videntur,
1135 820 1277 885 alterum
1304 819 1438 885 Vindo-

203 903 317 984 bonae,
340 905 482 970 alterum
502 905 648 971 Parisiis.
826 908 830 914 '

480 1199 494 1281 1
518 1202 547 1262 3.
591 1196 754 1264 EDITIO
775 1195 956 1262 ERASMI
978 1198 1174 1263 TERTIA

438 1391 493 1449 1.1
536 1390 729 1447 11111111
754 1410 799 1463 ap.
824 1394 864 1447 10.
890 1393 1004 1448 1111.
1039 1391 1127 1448 1511.
1152 1394 1204 1459 fa.

287 1541 415 1607 Millius
437 1543 474 1606 in
490 1542 642 1626 Prolegg.
662 1543 773 1624 §1138
797 1549 910 1607 auctor
932 1551 983 1608 est
1001 1544 1087 1608 hanc
1106 1543 1240 1607 tertiam
1258 1543 1441 1610 editionem

202 1628 277 1712 plus
300 1636 432 1693 centum
453 1628 532 1693 locis
554 1627 595 1691 ad
617 1627 773 1692 Aldinam
795 1630 1029 1693 conformatam
1052 1651 1132 1694 esse.
1163 1628 1261 1710 Quod
1284 1630 1313 1696 si
1335 1631 1440 1695 fuerit

201 1736 329 1792 verum,
353 1714 394 1779 ad
416 1735 469 1779 res
490 1714 627 1778 minoris
650 1720 683 1776 et
699 1714 830 1777 minimi
847 1716 1005 1779 momenti
1022 1716 1179 1799 restringi
1197 1715 1336 1796 debebit,
1358 1737 1439 1782 nam

202 1803 237 1866 in
259 1801 439 1867 maioribus
466 1802 528 1866 vix
550 1799 616 1864 tale
637 1798 760 1882 aliquid
787 1801 856 1882 ipse
876 1801 1065 1882 observavi,
1095 1803 1161 1865 imo
1183 1802 1287 1866 multa
1309 1802 1350 1867 ab
1374 1803 1438 1867 Al·

203 1888 281 1951 dina
310 1887 432 1967 aliena,
461 1887 587 1952 scilicet
615 1907 654 1951 ea
680 1886 716 1949 in
743 1887 861 1968 quibus
885 1887 951 1950 iam
980 1887 1123 1954 secunda
1153 1886 1252 1952 editio
1281 1910 1301 1952 a
1328 1889 1439 1972 prima

203 1973 395 2039 desciverat.

289 2061 448 2143 Sequitur
468 2057 646 2125 secundam
673 2058 710 2121 in
738 2058 904 2137 omnibus,
933 2061 1078 2142 exceptis
1105 2059 1171 2124 illis
1199 2067 1324 2143 septem
1352 2060 1435 2126 locis

201 2168 281 2230 quos
305 2147 365 2211 sub
385 2146 434 2210 111.
458 2145 493 2212 S.
517 2144 748 2210 collocavimus
769 2144 804 2207 in
827 2144 939 2210 tabula
960 2147 1162 2212 variantium
1182 2145 1372 2227 lectionum,
1404 2155 1439 2212 et

202 2254 268 2298 uno
290 2253 332 2296 111
353 2233 419 2297 illis
441 2253 524 2314 quae
545 2227 688 2296 secunda
716 2231 788 2313 ipsa
814 2238 1000 2296 mutaverat
1027 2230 1120 2317 (Ul).
1171 2233 1280 2315 Atque
1308 2232 1345 2297 in
1373 2231 1439 2299 hoc

203 2317 335 2402 quidem
357 2318 443 2383 redit
465 2318 507 2382 ad
529 2317 702 2382 lectionem
724 2316 903 2398 antiquam,
926 2317 1119 2385 Eraemicae
1135 2318 1262 2401 primae
1284 2324 1317 2383 et
1335 2317 1437 2384 (lom-

202 2404 347 2489 plutensi
368 2425 595 2483 communem;
633 2408 683 2466 ter
707 2399 814 2486 (8110)
842 2403 907 2466 iam
935 2404 1013 2469 facit
1040 2427 1115 2471 cum
1143 2404 1257 2469 eadem
1280 2403 1439 2488 Complu-

202 2492 298 2571 tensi,
320 2497 415 2556 textu
437 2496 547 2555 tamen
569 2509 637 2553 non
659 2510 700 2553 ex
722 2508 819 2571 opere
842 2488 1025 2573 polyglotta
1043 2492 1113 2575 ipso
1136 2490 1193 2555 sed
1211 2512 1252 2556 ex
1271 2490 1440 2559 codicibus

202 2577 384 2643 emendato.
436 2576 554 2658 Itaque
588 2575 623 2638 in
652 2574 714 2638 hac
750 2572 891 2639 editione
918 2577 1062 2658 primum
1096 2576 1232 2661 adparet
1259 2577 1351 2642 Iocus
1379 2577 1440 2645 ille

202 2664 438 2729 fumosissimus
461 2662 501 2727 de
523 2660 629 2726 tribus
649 2660 788 2725 testibus
814 2661 849 2724 in
877 2661 965 2726 coelo
993 2685 1089 2746 quem
1111 2663 1251 2728 inseruit
1272 2664 1437 2731 Erasmus

202 2771 244 2814 ex
267 2749 362 2814 unico
384 2748 524 2832 quodam
545 2748 630 2812 libro
652 2747 844 2826 britannico,
868 2770 909 2812 ne
931 2748 985 2814 cui
1001 2751 1086 2816 foret
1104 2771 1185 2816 ansa
1202 2749 1440 2831 calumniandi,

205 2842 242 2900 ut
263 2836 334 2920 ipse
356 2835 509 2901 declarat.
959 2872 963 2879 ·

119 2919 124 2925 ’
289 2922 441 3004 Denique
463 2941 567 2987 novas
590 2919 691 2985 habet
711 2918 810 2984 hasce
832 2918 1002 2987 lectiones:

246 3009 287 3075 U.
309 3009 331 3072 i.
366 3012 416 3072 21.
439 3005 490 3093 (S.
515 3007 592 3089 321)
615 3008 677 3090 Ap.
702 3010 730 3084 2,
755 3009 783 3070 3.
806 3005 972 3088 ἐβάστασας
994 3010 1130 3075 cacteris
1153 3030 1219 3072 non
1239 3008 1378 3076 mutetis

366 3098 416 3159 22.
457 3092 492 3159 S.
518 3093 593 3180 322)
617 3093 679 3174 Ap.
707 3096 755 3170 18,
780 3094 1155 3162 711111111111111.11

367 3185 417 3245 23.
455 3178 491 3245 S.
516 3183 593 3264 323)
616 3180 697 3243 Luc.
724 3183 772 3257 19,
796 3182 846 3243 23.
869 3183 919 3242 ἐπὶ
940 3178 991 3258 τήν
1010 3180 1098 3268 τράπε.
1123 3180 1218 3247 GKS

367 3272 417 3332 24.
458 3264 494 3331 S.
518 3268 595 3350 324)
622 3270 647 3329 1.
670 3267 760 3332 Ρ111.
785 3268 813 3344 3,
838 3271 889 3330 21.
913 3269 1033 3331 transit
1056 3268 1097 3333 ad
1122 3267 1195 3333 Ald.
1220 3267 1356 3334 GMKS

309 3353 342 3419 11.
367 3358 418 3417 25.
459 3350 678 3436 349)Μ11111.
704 3355 754 3430 27,
778 3355 827 3416 33.
852 3353 973 3418 transit
995 3353 1036 3418 ad
1058 3354 1133 3419 Ald.

309 3442 331 3504 l.
366 3444 416 3503 26.
456 3442 534 3516 367)
557 3438 638 3503 Luc.
665 3442 713 3516 10,
738 3441 787 3501 20.
811 3437 884 3503 add.
906 3441 1033 3520 μᾶλλον,
1056 3447 1154 3506 antea
1176 3462 1239 3506 om.

310 3548 354 3590 m.
368 3530 418 3589 27.
454 3525 495 3588 R.
521 3525 598 3608 312)
620 3523 740 3588 Matth.
765 3528 816 3602 21,
841 3529 868 3590 7.
892 3525 1087 3591 ἔπεκάθισαν.

442 3769 496 3828 931
539 3769 734 3828 BASHAEAE
752 3772 786 3826 ab
803 3774 845 3828 Io.
863 3774 1014 3829 Bebaliam.
1046 3771 1136 3829 1524.
1168 3773 1195 3829 8.

288 3921 390 4006 Operi
424 3921 617 4004 corrigendo
649 3923 790 4005 praefuit
822 3923 869 3988 Io.
898 3923 1160 4007 Wisendanger‚
1193 3922 1295 3986 latine
1329 3922 1440 3990 dictus

201 4012 394 4095 (leporinus,
415 4010 545 4074 iuvenis
567 4008 680 4074 literas
703 4030 836 4093 graecas
859 4011 981 4092 optime
1003 4009 1135 4075 edoctus
1165 4015 1200 4072 et
1225 4007 1335 4091 paullo
1365 4018 1440 4092 post

200 4100 269 4165 fato
290 4098 420 4160 functus
438 4114 536 4177 quem
553 4095 639 4159 male
657 4117 731 4160 cum
749 4095 917 4161 Pellicano
935 4103 1045 4162 nostro
1063 4094 1298 4176 Rubeaquensi
1316 4093 1438 4178 (Kiirs-

201 4186 296 4270 nero)
319 4182 539 4249 confuderunt
560 4181 720 4246 nonnulli.
753 4182 805 4247 De
827 4181 1023 4248 editionibus
1044 4181 1238 4247 Bebelianis
1254 4180 1293 4245 11.
1311 4180 1437 4246 Baum-

204 4270 347 4358 garteuii
368 4268 492 4334 Nachr.
515 4266 576 4333 Vl.
603 4271 671 4346 199,
698 4266 795 4332 VIII.
821 4274 860 4332 10
889 4268 1035 4333 eiusdem
1056 4267 1145 4332 Hall.
1169 4266 1257 4330 Bibl.
1279 4265 1341 4331 IV.
1369 4270 1440 4347 189,

202 4357 397 4425 Knochium
419 4375 451 4438 p.
476 4359 554 4435 350,
582 4353 743 4419 Goezium
764 4375 796 4436 p.
818 4358 876 4434 40,
906 4354 1093 4420 Meschium
1115 4354 1143 4418 Ι.
1177 4356 1247 4417 199.
1289 4352 1440 4418 Primum

203 4452 349 4510 nostram
371 4441 500 4506 Millius
528 4443 542 4524 ξ
568 4443 649 4504 1142
679 4441 844 4506 exstitisse
872 4441 969 4524 plane
990 4440 1136 4524 ignorat,
1164 4437 1338 4506 Knoehius
1359 4458 1439 4506 vero

203 4531 314 4597 nescio
337 4527 416 4614 quid
435 4527 654 4594 hallucinatus
672 4526 811 4590 latinam
829 4527 1013 4594 versionem
1032 4548 1147 4612 graeco
1166 4525 1277 4591 textui
1294 4522 1440 4592 additam

204 4617 318 4689 scribit
339 4637 422 4703 quae
442 4614 580 4681 minime
598 4614 700 4683 adest.
734 4613 821 4681 Oum
838 4615 988 4683 versione
1006 4615 1106 4682 etiam
1124 4618 1329 4701 argumenta,
1352 4613 1440 4682 vitue
