3000 5024
604 158 890 216 rasuuousum.
1343 168 1362 229 3

128 356 149 400 a
170 354 225 399 me
241 332 406 416 inspectis,
428 331 535 398 altera
551 352 642 413 voro,
663 353 763 416 quam
780 331 942 416 hodieque
959 331 1131 418 vulgarem
1149 339 1183 399 et
1199 339 1364 419 receptam

130 419 254 499 dicunt,
276 426 408 484 tantum
429 419 465 483 in
487 428 622 484 centum
644 418 863 503 quadraginta
885 426 918 484 et
940 417 1075 486 duabus.
1120 420 1197 485 Alio
1219 421 1306 501 loco,
1328 423 1364 487 in

128 508 192 591 Ep.
214 504 326 572 Iacobi
350 511 378 584 5,
405 509 442 569 12
466 505 639 570 lectionem
666 505 744 570 olim
772 505 898 571 aBeaa
920 504 1180 571 commendatam
1209 514 1244 573 et
1271 506 1364 572 dein·

129 613 206 677 ceps
228 613 248 657 a
265 592 418 676 plurimis
435 599 600 658 servatam
618 589 691 675 (ind
709 591 822 676 ιιρίσιν)
842 590 1079 658 Griesbachius
1096 614 1224 676 quoque
1242 593 1366 677 recepit

128 677 408 762 adstipulantibus
436 679 571 758 nostris,
605 679 661 761 qui
689 699 791 760 quum
822 677 858 741 in
886 678 1077 762 vulgaribus
1104 679 1196 745 libris
1225 680 1363 746 eandem

129 768 329 849 scripturam
350 765 552 844 invenirent,
581 764 622 829 ad
648 764 832 848 marginem
855 763 989 831 alterius
1010 765 1212 830 mentionem
1240 767 1366 831 nullam

129 853 287 932 fecerunt,
310 871 508 935 quamquam
525 851 561 915 in
581 862 714 916 centum
736 851 975 933 quinquaginta
996 858 1030 916 et
1051 852 1193 934 quinque
1215 852 1366 918 editioni·

130 940 195 1006 bus
215 936 575 1004 aute-Griesbachianis
598 936 760 1003 scribatur
781 938 824 1010 εἰς
845 935 1011 1023 ὑπόκρισιν,
1034 958 1133 1021 quam
1154 959 1232 1004 sane
1254 938 1366 1005 lectio-

131 1047 210 1091 nem
231 1046 298 1090 non
318 1024 428 1089 minus
450 1045 529 1090 vore
557 1031 590 1088 et
609 1021 777 1088 commode
805 1032 970 1107 receptam
998 1022 1121 1090 dixeris
1147 1046 1245 1107 quam
1273 1021 1363 1090 illam

130 1111 228 1177 modo
250 1132 292 1176 ex
314 1111 453 1194 epistola
475 1108 516 1175 ad
533 1110 700 1175 Romanos
722 1109 871 1175 allataml
905 1110 1056 1175 Plurima
1074 1109 1216 1176 eiusdem
1237 1113 1366 1196 generis

129 1199 270 1283 proferri
292 1197 346 1263 hic
368 1204 516 1282 possent,
539 1217 621 1279 quae
643 1196 756 1262 utilius
778 1198 845 1262 suis
866 1196 946 1262 locis
968 1218 1193 1276 reservamus,
1224 1199 1366 1263 maxime

130 1306 213 1369 quas
241 1305 282 1350 ex
309 1284 437 1350 collatis
466 1282 688 1365 Stephanieue
717 1290 750 1347 ot
777 1283 930 1349 Bouanae
959 1285 1071 1366 stirpis
1099 1282 1191 1349 libris
1220 1284 1367 1350 aemulas

129 1371 287 1437 lectiones
306 1371 406 1436 simili
424 1370 601 1435 tenacitate
619 1369 661 1435 ad
677 1391 737 1435 nos
755 1371 944 1451 pervenisse
962 1369 1096 1435 videbis.
1131 1369 1221 1436 Sunt
1244 1371 1368 1454 aliquot

129 1457 196 1523 loci
221 1457 258 1522 in
286 1457 406 1541 quibus
433 1478 517 1540 quae
544 1457 588 1522 sit
615 1461 737 1537 receptu
766 1456 862 1522 lectio
887 1456 941 1524 vel
970 1456 1207 1522 audacissimus
1235 1457 1367 1522 criticus

131 1542 240 1610 dicere
262 1550 393 1621 recuset
421 1545 450 1610 si
470 1543 592 1626 sapiat,
621 1543 740 1625 quippe
769 1564 909 1625 quorum
931 1544 1094 1625 scriptura
1115 1544 1182 1609 fere
1212 1542 1365 1626 quotidie,

131 1639 170 1696 ut
196 1631 244 1695 ita
274 1630 394 1709 dicam,
430 1630 529 1694 etiam
561 1630 596 1694 in
623 1628 820 1695 editionibus
853 1630 952 1694 unius
984 1629 1195 1712 eiusdemque
1227 1630 1369 1695 familiae

131 1801 336 1886 temporibus
358 1801 452 1868 modo
473 1805 584 1882 μείζων
604 1801 701 1867 ruodo
723 1805 823 1881 μεῖζον
843 1802 942 1886 leges,
965 1802 1135 1867 Philam?
1157 1824 1245 1868 nuno
1266 1803 1368 1888 χάριν,

133 1909 224 1955 nuno
240 1887 347 1974 χαράν,
374 1889 456 1954 Luc.
487 1894 534 1967 10,
565 1891 606 1951 22
628 1892 679 1950 καὶ
702 1893 845 1971 στραφεὶς
868 1886 945 1973 πρὸς
967 1887 1037 1961 τούς
1058 1887 1200 1968 μαθητὰς
1229 1888 1270 1953 ab
1296 1888 1369 1954 aliis

134 1973 275 2055 additur,
298 1976 338 2041 ab
360 1975 432 2041 aliis
454 1974 633 2055 omittitur,
661 1975 709 2039 ita
735 1986 773 2039 ut
794 1975 890 2040 multi
911 1974 986 2040 libri
1016 1974 1078 2040 hoc
1099 1995 1166 2041 uno
1186 1975 1257 2041 loco
1286 1997 1306 2041 a
1334 1995 1369 2041 se

132 2062 276 2131 invicem
297 2061 491 2146 discrepent.

220 2146 289 2214 Sed
317 2148 398 2214 haec
426 2147 559 2213 levioris
585 2147 753 2212 momenti.
805 2146 914 2213 Multo
946 2148 1053 2232 magis
1086 2145 1276 2228 dolendum,
1310 2169 1369 2230 per

133 2233 273 2302 eandem
294 2235 515 2302 recentiorum
536 2235 705 2309 incuriam,
727 2233 764 2298 in
786 2234 885 2299 semel
909 2234 1038 2299 traditis
1061 2234 1270 2318 negligenter
1291 2236 1369 2301 sub-

133 2322 331 2400 sistentium,
357 2322 502 2404 plurium
524 2321 671 2386 virorum
693 2320 875 2400 doctorum,
905 2320 962 2403 qui
982 2321 1149 2404 superiore
1169 2321 1301 2386 saeculo
1329 2321 1369 2386 de

133 2430 171 2473 re
193 2407 307 2474 critica
332 2409 417 2473 bene
443 2414 650 2484 meruerunt,
681 2407 794 2472 laudes
824 2405 959 2490 indigne
986 2408 1131 2488 periisse.
1177 2409 1288 2489 Atque
1314 2406 1370 2474 hic

133 2514 203 2559 non
223 2493 263 2560 de
285 2492 392 2560 Millio
413 2494 572 2578 Bengelio
594 2493 824 2559 Wetsteniove
850 2492 966 2577 loquor
993 2493 1111 2575 quibus
1138 2495 1243 2559 nostri
1271 2515 1370 2559 suum

134 2579 234 2646 decus
255 2579 390 2645 minime
413 2578 625 2663 denegarunt.
669 2581 799 2645 Verum
821 2579 878 2644 alii
900 2586 986 2656 sunt,
1008 2579 1152 2643 maxime
1173 2579 1286 2660 Angli,
1315 2581 1370 2662 qui

133 2666 250 2732 multis
278 2674 355 2732 ante
385 2666 635 2732 Griesbachium
663 2666 760 2731 annis
790 2672 919 2730 textum
946 2665 1034 2731 Novi
1065 2667 1271 2731 Testamenti
1302 2666 1370 2731 edi·

134 2751 258 2818 derunt
278 2752 332 2820 vel
358 2752 430 2836 ipso
453 2752 712 2819 Griesbaohiano
739 2774 781 2817 er
809 2759 904 2836 parte
932 2750 1203 2832 emendatiorem,
1232 2773 1369 2836 quorum

134 2843 248 2904 tamen
276 2840 412 2905 nomina
442 2845 476 2903 et
504 2840 623 2904 merita
652 2838 841 2905 doctissima
868 2845 982 2904 nostra
1010 2839 1192 2905 Germania
1223 2839 1368 2922 ignorati

135 2922 272 2992 Scilicet
298 2946 366 2990 non
394 2946 536 3008 semper,
572 2946 656 3009 quae
685 2925 791 2990 Taciti
823 2926 986 2991 sententia
1015 2926 1137 3004 fuerat,
1171 2933 1285 2991 vetera
1313 2947 1370 2990 ox·

134 3009 282 3077 tollimus
298 3012 481 3078 recentium
498 3012 667 3092 incuriosi3
687 3012 818 3094 saepius
830 3013 929 3077 etiam
940 3020 1093 3078 veterum
1109 3011 1203 3077 obliti
1220 3019 1370 3076 nostrum

134 3097 283 3181 ipsorum
306 3098 516 3164 curiosissimi
538 3119 652 3163 sumus
674 3105 708 3162 et
729 3097 866 3163 meliora
887 3098 945 3162 illa
966 3096 1084 3180 quibus
1107 3119 1195 3162 nunc
1217 3097 1371 3163 facillime

135 3184 261 3249 utimur
277 3185 371 3267 quasi
390 3184 518 3251 noviter
535 3194 665 3268 reperta
682 3204 791 3248 coram
811 3182 987 3268 plaudente
1004 3203 1123 3248 corona
1140 3182 1371 3264 declamantes,

135 3270 300 3335 immerito
323 3291 378 3336 eos
407 3270 605 3355 negligimus
633 3271 689 3352 qui
717 3270 844 3353 pridem
874 3270 988 3336 eadem
1016 3269 1071 3336 via
1098 3270 1238 3354 ingressi
1266 3271 1370 3335 multo

135 3357 262 3421 maiore
289 3357 401 3423 labore
428 3367 462 3422 et
489 3357 708 3422 renitentibus
738 3358 923 3423 coaetaneis
952 3378 1019 3422 non
1048 3356 1223 3422 infeliciter
1251 3356 1371 3422 similia

135 3449 315 3508 tentarunt.
361 3442 428 3508 Sed
457 3444 530 3526 quis
557 3443 696 3507 miretur
723 3442 904 3508 Wellsium
937 3465 978 3508 ex
1009 3443 1179 3507 hominum
1211 3444 1371 3508 memoria

136 3528 312 3611 excidisse,
353 3550 454 3612 quum
490 3530 556 3594 iam
589 3529 694 3612 ipsius
729 3528 936 3595 Griesbachii
968 3530 1056 3594 fama
1087 3529 1230 3611 palleat?
1287 3528 1370 3610 Quis

136 3615 239 3680 Mucii
266 3613 375 3680 studia
401 3623 438 3679 ut
468 3615 546 3680 olim
574 3614 700 3681 invidia
725 3616 955 3701 theologorum
983 3615 1030 3681 sio
1057 3615 1154 3680 hodie
1183 3616 1370 3681 criticorum

135 3700 300 3767 oblivione
322 3701 463 3783 sepulta,
491 3723 593 3785 quum
615 3723 691 3768 suos
712 3722 889 3784 praecones
910 3724 953 3767 ne
967 3709 1046 3773 ,tum
1068 3700 1197 3784 quidem
1220 3701 1373 3767 habuerit

136 3807 239 3869 quum
260 3786 296 3850 in
317 3787 404 3854 vivis
433 3788 539 3852 esset?
585 3786 668 3868 Quis
690 3789 929 3853 Harwoodium
957 3786 1098 3854 nobilem
1125 3788 1238 3870 magni
1260 3787 1371 3853 Lach-

135 3873 252 3938 manni
269 3894 513 3955 praecursorem
532 3895 575 3938 ne
593 3874 698 3939 obiter
715 3874 847 3956 quidem
867 3896 886 3940 a
904 3875 1025 3940 nostris
1042 3873 1142 3957 tangi,
1166 3895 1245 3939 suae
1263 3875 1370 3957 potius

135 3959 284 4042 ipsorum
305 3958 413 4024 laudis
435 3958 600 4026 canendae
622 3960 799 4026 studiosis?

224 4046 336 4111 Etiam
359 4067 441 4128 quae
464 4067 522 4130 por
543 4046 654 4128 priora
676 4046 740 4111 duo
763 4048 894 4112 saecula
915 4054 989 4130 post
1009 4046 1187 4128 impressas
1211 4045 1370 4113 editiones

135 4131 303 4215 principes
326 4131 437 4216 elapsa
458 4135 607 4200 virorum
630 4131 799 4198 doctorum
821 4154 919 4198 curae
939 4134 1075 4198 fuerunt
1101 4133 1136 4197 in
1166 4133 1370 4199 emendando

135 4225 233 4283 textu
254 4217 389 4302 positae,
419 4220 459 4284 iis
481 4219 646 4284 immerito
670 4219 809 4303 gloriam
838 4240 931 4284 suam
959 4219 1053 4302 quasi
1079 4219 1180 4284 nimis
1209 4218 1370 4285 debilibus

135 4310 173 4370 et
201 4305 334 4370 omnino
363 4304 610 4371 contemnendis
638 4305 785 4385 detrahi,
814 4314 853 4370 ut
879 4306 980 4390 vulgo
1003 4307 1054 4385 fit,
1085 4305 1230 4370 narratio
1257 4311 1371 4370 nostra

136 4389 275 4457 docebit.
320 4391 396 4457 Non
423 4393 513 4458 enim
541 4412 581 4457 ea
608 4398 740 4456 tantum
765 4392 801 4457 in
829 4393 1091 4458 aestimationem
1112 4392 1225 4458 venire
1252 4389 1372 4456 debent

134 4497 223 4561 quae
243 4477 413 4562 prisciilli
435 4479 574 4545 editores
596 4498 711 4561 reapse
728 4479 967 4561 praestiterunt
986 4479 1022 4544 in
1041 4478 1186 4544 textibus
1204 4480 1271 4544 suis
1293 4498 1370 4544 oon·

136 4562 331 4645 stituendis,
361 4586 443 4648 quae
465 4586 544 4631 sane
572 4566 600 4631 si
621 4564 663 4629 ad
685 4572 817 4631 nostrae
845 4566 1002 4632 scientiae
1031 4566 1194 4632 rationem
1223 4566 1371 4650 exegeris

1048 4667 1166 4722 ,1,
