3000 5024
569 219 764 278 anmoins
782 220 944 279 arumna.
1305 227 1368 290 279

523 396 574 459 21.
618 395 811 457 vaurms.
836 398 928 461 1567.
952 398 981 461 8.

219 515 368 583 'Iitulum
384 515 555 583 Maschius
576 515 603 581 I.
628 518 689 576 204
713 522 747 581 et
766 514 812 581 11.
836 517 897 577 270
919 538 961 582 ex
983 515 1131 602 catalogo
1152 516 1369 585 bibliothecae

127 603 455 688 Baumffartenianae
474 602 521 669 sio
537 599 708 669 exscribit:
732 600 749 680 ἦ
770 600 1001 666 autumarent
1022 601 1073 667 5εά
1096 601 1230 689 διαθήκη
1251 603 1368 668 ulrr'eu

127 688 271 774 ’15551555
298 690 351 753 τοῦ
377 694 548 770 Acerrime.
590 687 633 753 In
660 687 718 753 illo
747 688 899 772 catalogo
922 695 1118 772 proveatur
1145 690 1187 757 ad
1216 689 1369 755 notitiam

129 778 169 843 in
189 775 281 843 Hall.
304 773 390 843 Bibl.
413 775 510 841 VIII.
542 778 603 837 488
633 773 673 840 dc
702 775 763 841 hoe
789 773 875 841 libro
904 775 981 841 data
1017 826 1023 840 .
1069 775 1138 843 Sed
1165 797 1270 859 neque
1296 775 1368 842 loeo

128 863 267 929 laudato
288 883 395 946 neque
416 881 555 943 usquam
577 859 655 926 alibi
676 861 711 926 in
735 860 853 944 viginti
875 860 1095 928 voluminibus
1116 861 1370 946 Baumgartenii

129 948 399 1035 bibliographicis
421 946 599 1031 quidquam
620 945 660 1011 dc
682 947 739 1012 illa
761 946 902 1013 editione
926 946 1053 1014 dieitur.
1098 948 1268 1015 Maschius
1295 949 1368 1032 qui-

129 1035 210 1102 dem
240 1035 426 1118 suspicatur
457 1055 530 1100 esse
562 1033 732 1117 exemplar
764 1032 941 1117 Gephalaci
967 1034 1249 1119 Argentoratense
1280 1054 1368 1100 novo

128 1121 229 1187 titulo
250 1127 411 1187 ornatum.
456 1119 608 1205 Cogitavi
636 1139 697 1204 ego
718 1117 757 1184 dc
780 1118 921 1185 editione
943 1120 1223 1204 graeco-barbara.
1268 1119 1368 1186 (15515

129 1229 198 1274 vox
219 1206 335 1289 αΙτήσει
355 1207 392 1271 15
414 1206 511 1271 111515
533 1206 639 1288 555115
660 1206 771 1270 omnia
787 1205 852 1270 alia
872 1210 906 1270 te
922 1212 1113 1289 exspectare
1130 1208 1221 1274 iubet
1237 1214 1369 1290 praeter

129 1298 263 1359 textum
279 1292 404 1359 dudum
414 1292 596 1377 vulgatum,
615 1300 649 1357 et
666 1293 810 1375 profecto
827 1313 947 1357 nomen
965 1293 1165 1378 typographi
1177 1292 1367 1359 addebatur.

130 1377 319 1464 Singularis
337 1378 419 1445 haec
441 1386 475 1444 et
494 1378 623 1445 insueta
643 1378 784 1443 formula
805 1378 906 1443 etiam
928 1379 1146 1461 suspicionem
1163 1379 1247 1445 mihi
1265 1379 1369 1447 movit

131 1470 241 1532 totum
261 1465 363 1531 istum
390 1464 524 1530 titulum
551 1463 833 1548 manuscriptum
860 1464 961 1530 fuisse
988 1465 1023 1529 in
1051 1465 1230 1549 exemplari
1258 1465 1368 1549 aliquo

132 1571 170 1618 ca
192 1550 239 1616 ite
260 1557 420 1629 15555515,
444 1558 478 1616 51
499 1571 733 1633 possessorem,
760 1572 828 1615 non
857 1550 1102 1635 typographum
1129 1551 1181 1620 vel
1209 1551 1368 1618 editorem

130 1637 166 1703 in
192 1637 286 1702 ‘aare
318 1635 463 1703 Omnino
484 1636 568 1702 liber
577 1637 792 1713 Veneticum,
812 1637 839 1701 si
856 1658 892 1702 re
910 1657 990 1702 vera
1007 1659 1057 1722 55.
1069 1637 1367 1722 Baumgartenium

132 1722 270 1803 exstitit,
292 1722 411 1808 dignus
433 1722 548 1789 fuisset
569 1742 667 1805 quem
696 1721 880 1788 accuratius
907 1723 1118 1806 describeret3
1147 1723 1279 1790 silentio
1306 1744 1365 1789 555

131 1809 201 1895 1555
222 1808 444 1877 adulterinum
466 1809 649 1877 declarasse
672 1808 810 1875 videtur.

522 1967 572 2026 22.
615 1964 780 2025 LIPSIAE.
810 1967 901 2030 1567.
928 1971 979 2039 fel.

216 2084 333 2152 Talem
355 2084 447 2152 nobis
468 2082 617 2152 venditat
637 2083 817 2171 Oatalogus
838 2085 1051 2152 bibliothecae
1074 2083 1297 2152 Sussexianac
1318 2085 1365 2152 II.

136 2175 194 2235 461
225 2172 497 2256 graeco-latinam
528 2191 571 2235 ex
599 2170 700 2236 Ariae
727 2172 879 2237 Montani
905 2172 1070 2247 versione,
1098 2191 1235 2255 eamque
1261 2172 1367 2238 editor

134 2259 212 2326 satis
234 2258 370 2325 ridicule
391 2257 599 2322 commendat
620 2257 672 2321 his
693 2257 818 2322 verbis:
842 2258 905 2323 1115
924 2258 1039 2323 edition
1056 2259 1086 2324 15
1103 2277 1216 2324 scerce.
1245 2258 1365 2323 Rario-

133 2366 202 2412 rem
222 2344 335 2429 utique
357 2343 498 2411 dixerim
520 2364 619 2426 quam
639 2342 742 2426 ipsius
764 2344 825 2410 viri
848 2343 935 2411 docti
957 2344 1119 2411 incuriam
1137 2351 1170 2410 et
1186 2345 1365 2428 levitatem,

135 2433 187 2517 551
207 2453 249 2498 ex
269 2431 365 2515 lapsu
388 2429 504 2498 calami
528 2434 607 2492 1567
632 2450 691 2513 555
717 2433 795 2493 1651
819 2430 1004 2514 5551555551.

363 2606 411 2664 23.
455 2605 720 2666 ANTWERPIAII
746 2606 836 2666 1569.
864 2606 913 2666 24.
938 2627 984 2683 ap.
1008 2608 1134 2665 Plautia.

215 2722 316 2791 Solus
325 2722 499 2789 Walchius
520 2723 597 2790 bibl.
622 2723 719 2789 theol.
738 2723 797 2790 IV.
825 2728 862 2787 18
886 2724 972 2792 hanc
994 2731 1150 2792 recenset.
1185 2723 1252 2792 Sed
1263 2726 1366 2792 Plan·

133 2811 238 2877 tinum
255 2830 295 2876 5ο
307 2831 392 2876 anne
410 2810 445 2875 in
463 2810 583 2875 minori
600 2811 705 2876 forma
723 2832 789 2876 non
809 2811 873 2875 nisi
890 2810 1011 2876 1511555
1029 2809 1188 2879 editiones
1206 2812 1366 2894 emisisse,

131 2896 166 2963 in
191 2896 310 2962 maiori
337 2917 415 2964 vero
444 2895 694 2964 celeberrimum
723 2917 819 2962 suum
848 2916 931 2979 opus
957 2897 1165 2983 polyglotton
1193 2899 1365 2965 inchoasse

132 2983 210 3050 satis
231 2990 350 3049 notum
371 2989 430 3049 est.
475 2983 562 3049 Puto
583 2982 776 3049 Walchium
797 2983 951 3048 notitiam
980 3004 1073 3048 suam
1101 3006 1143 3049 ex
1163 2984 1214 3048 Le
1235 2985 1365 3068 Longio

132 3068 350 3154 descripsisse,
374 3069 431 3136 scd
451 3070 522 3136 eius
544 3089 697 3147 errorem,
720 3089 817 3151 quem
838 3067 915 3135 vide
937 3090 1040 3153 supra
1061 3067 1250 3150 ade.1564‚
1272 3091 1364 3135 men-

132 3155 241 3224 dosius
273 3156 372 3221 etiam
402 3176 498 3221 suum
526 3155 649 3221 1551555.
695 3157 821 3220 Verum
848 3155 913 3220 1515
945 3177 999 3222 555
1032 3155 1131 3221 etiam
1165 3154 1260 3220 aliter
1293 3177 1364 3221 sese

131 3242 251 3309 habere
273 3247 392 3327 posset,
415 3242 444 3307 51
467 3241 620 3307 Walchio
641 3240 789 3307 libellum
812 3241 1039 3325 aliquomodo
1064 3242 1248 3307 innotuisse
1271 3240 1364 3307 dixe-

130 3329 235 3396 rimus
256 3329 293 3394 in
315 3349 413 3411 quem
435 3328 512 3393 olim
534 3328 653 3395 Ulmae
681 3327 917 3410 incrd11b1que
941 3350 961 3394 5
981 3327 1221 3394 Neubronnero
1247 3327 1363 3393 biblio-

131 3414 280 3498 polarum
298 3413 485 3480 doctissimo
503 3413 636 3479 redemi.
671 3412 762 3480 Sunt
783 3415 942 3479 nimirum
964 3415 1134 3499 pericopae
1155 3414 1364 3498 evangelicae

131 3508 163 3566 51
183 3500 371 3584 epistolicae
393 3521 474 3583 quas
491 3499 667 3566 Plautinus
688 3500 855 3583 ipsissimo
877 3522 964 3566 anno
985 3504 1064 3562 1569
1087 3501 1123 3564 15
1144 3501 1269 3567 5515515
1287 3522 1362 3586 pro-

130 3586 199 3654 dire
221 3587 327 3669 iussit,
351 3586 409 3652 sed
431 3607 473 3652 ex
496 3586 626 3672 vulgari
647 3585 847 3670 Stephanico
870 3595 966 3654 textu
988 3587 1176 3670 descriptas.

389 3764 439 3824 54.
483 3759 685 3822 asennaa.
717 3763 806 3825 1555.
841 3762 1095 3836 15555555

214 3881 307 3948 Haec
333 3902 459 3965 555555
485 3880 547 3946 5511
573 3882 625 3946 Lc
646 3879 775 3963 Longio
802 3902 833 3964 p.
865 3881 924 3942 112
954 3880 1077 3946 famam
1103 3881 1190 3966 apud
1216 3887 1362 3967 posteros

128 3967 226 4035 debet
246 3968 383 4034 caeteris
405 3968 538 4033 omnino
567 3967 761 4033 tacentibus.
806 3965 880 4031 Nisi
908 3967 1019 4032 omnia
1044 3988 1098 4031 me
1125 3969 1246 4034 fallunt
1272 3989 1362 4033 mere

127 4053 231 4120 latina
252 4062 311 4120 est.
355 4054 443 4119 Nam
465 4075 565 4136 quum
587 4053 701 4135 paucis
723 4052 842 4117 abhinc
863 4052 960 4120 annis
982 4052 1019 4118 in
1046 4054 1192 4140 catalogo
1220 4052 1362 4137 quodam

128 4141 164 4206 Τ.
187 4140 227 4207 Ο.
250 4140 407 4225 Weigelii
435 4138 632 4223 bibliopolae
659 4138 846 4221 Lipsiensis
875 4139 910 4202 in
940 4140 1110 4224 exemplar
1139 4140 1282 4208 Guarini
1307 4141 1360 4204 in-

127 4226 279 4294 cidissem
302 4234 398 4310 atque
420 4227 460 4292 ab
480 4247 518 4292 eo
539 4225 707 4309 petiissem
729 4224 906 4292 emendum
928 4226 957 4292 si
978 4247 1133 4311 graecum
1154 4226 1261 4308 fuerit,
1283 4225 1361 4292 1511-

126 4334 209 4380 num
230 4318 301 4380 esse
322 4313 418 4379 illum
439 4313 562 4378 librum
585 4313 636 4379 vir
658 4311 811 4397 egregius
832 4311 915 4378 mihi
936 4312 1152 4382 renunciavit.

469 4489 518 4549 25.
563 4487 837 4548 ANTWERPIAE.
868 4488 959 4550 1571.
988 4488 1016 4551 8.

212 4624 255 4692 In
275 4623 423 4712 pluribus
444 4622 718 4691 bibliothecarum
741 4622 898 4710 catalogis
919 4621 1057 4689 memini
1083 4642 1136 4688 me
1152 4621 1259 4709 talem
1280 4621 1360 4688 titu-
