3000 5024
729 258 846 318 CAPUT
863 257 911 319 VI.

421 524 495 582 aa*
540 520 696 583 LIPSIAE
717 527 799 599 impr.
816 526 858 582 Io.
876 525 1045 582 8151151555.
1079 523 1169 583 1581.
1196 525 1224 585 8.

292 657 421 723 Titulus
443 665 482 723 ut
503 659 538 723 in
561 657 783 741 praecedente.
829 659 955 724 Textus
982 680 1025 724 ex
1053 656 1102 724 ed
1135 662 1215 720 1510
1243 657 1438 743 desumptus

202 746 250 810 ita
272 754 311 809 ut
332 753 473 828 quatuor
493 744 650 811 lectiones
672 766 701 811 a.
728 748 807 807 1518
831 745 886 808 hio
907 766 975 809 non
998 744 1115 809 adsint.
1156 743 1303 828 Oorrigit
1323 752 1438 810 tamen

203 829 324 897 Matth.
349 832 399 911 11,
423 835 451 896 9.
476 835 520 915 (β.
547 836 611 910 18).
655 833 787 898 Novum
808 831 926 898 vitium
954 829 1144 922 introducit,
1158 831 1195 894 11
1223 830 1438 915 sequentibus
1482 836 1488 843 '

203 915 419 986 servandum:

532 1005 562 1085 β.
589 1008 636 1068 19.
683 1008 711 1069 1.
735 1002 809 1069 Gor.
834 1007 864 1083 7,
888 1007 938 1069 31.
961 1002 1099 1088 ἑδραίως.

422 1230 495 1288 11.1
538 1229 694 1288 masma
712 1232 852 1304 55111.
870 1231 1040 1288 samana
1072 1228 1162 1288 1155.
1191 1229 1218 1288 a.

287 1364 543 1430 Aceuratissime
565 1384 583 1428 e
605 1364 821 1448 praecedente
849 1361 1026 1447 descripta,
1057 1363 1086 1429 51
1112 1363 1245 1429 unicum
1268 1362 1291 1429 1.
1314 1363 1435 1430 Matth

203 1453 254 1531 11,
277 1455 305 1515 9.
329 1452 496 1534 exceperis
517 1452 552 1516 in
574 1473 637 1534 quo
660 1450 702 1516 ad
723 1449 1013 1536 Brylingerianam
1035 1449 1232 1534 scripturam
1254 1449 1348 1516 redit

358 1678 431 1736 lb*
472 1676 867 1752 mancaepammus
884 1680 1099 1750 1351155ηό5195.
1132 1677 1221 1737 1591.
1252 1676 1280 1736 8.

288 1813 422 1896 Repetit
443 1814 694 1897 praecedentem
715 1814 851 1879 mutatis
868 1813 970 1878 Marc.
994 1817 1042 1892 14,
1063 1814 1112 1876 31.
1134 1821 1168 1877 51
1192 1811 1313 1878 1.(151.
1335 1815 1385 1894 11,
1407 1817 1436 1881 1.

203 1901 238 1964 11
260 1901 379 1981 quibus
402 1898 444 1964 ad
471 1900 520 1965 ed.
548 1905 627 1963 1578
656 1901 786 1965 transit.
830 1899 948 1964 Matth.
976 1905 1003 1978 1,
1030 1901 1077 1962 18.
1093 1897 1206 1963 habet
1233 1899 1438 1984 singularem

202 1985 375 2051 lectionem
397 1993 509 2067 γένεσις
530 2007 590 2070 pro
613 1994 752 2068 γέννησις,
782 1985 869 2069 quod
896 1992 995 2050 antea
1022 1985 1059 2048 in
1080 2006 1148 2049 una
1169 1991 1298 2050 tantum
1318 1985 1437 2068 fuerat,

203 2072 364 2156 Vignonii
385 2073 494 2154 prima
516 2095 543 2138 a.
570 2078 662 2152 1514,
684 2093 790 2155 neque
813 2071 966 2155 deinceps
988 2077 1158 2154 receptum
1181 2078 1231 2136 est
1258 2071 1317 2138 sed
1337 2071 1438 2138 hodie

202 2159 317 2222 multis
339 2160 505 2241 probatur.

289 2244 471 2326 Exemplar
487 2266 597 2309 meum
620 2245 657 2308 in
673 2245 780 2310 fronte
796 2263 916 2310 nomen
933 2240 1069 2310 Lorckii
1086 2240 1272 2329 αὐτόγραφον
1289 2245 1435 2312 exhibet

456 2471 502 2529 re.
545 2471 703 2530 51151111
724 2475 796 2545 type
820 2436 1001 2545 555555
1029 2471 1119 2530 1551.
1151 2471 1179 2530 a.

289 2605 412 2688 Accepi
444 2627 486 2670 ex
517 2604 715 2672 bibliotheca
753 2605 1000 2671 armamentarii
1032 2603 1231 2670 Parisiensis
1267 2603 1438 2687 exemplar

203 2690 482 2774 Voegelinianum
509 2693 601 2757 euius
630 2693 728 2757 titulo
755 2693 833 2757 5111
863 2690 1045 2775 designatio
1071 2691 1231 2774 inscripta
1257 2697 1308 2755 551
1334 2690 1437 2756 11115.

203 2777 367 2843 Ultimum
387 2785 497 2842 antem
518 2773 696 2844 voluminis
718 2777 843 2858 folium,
873 2778 930 2842 ubi
952 2776 1178 2861 typographus
1199 2775 1256 2840 ille
1277 2775 1438 2842 librorum

204 2884 339 2928 suorum
356 2886 459 2930 cunas
477 2871 511 2929 et
528 2866 654 2929 natales
670 2863 815 2929 indicare
835 2863 967 2943 solebat,
987 2863 1194 2946 deperditum
1210 2883 1281 2928 5555
1294 2862 1438 2930 videtur.

205 2947 248 3014 In
270 2949 380 3015 fronte
402 2958 514 3015 tamen
536 2972 653 3015 manns
675 2970 794 3016 coaeva
816 2971 941 3015 annum
964 2954 1045 3013 1594
1072 2949 1271 3034 significavit
1297 2957 1331 3016 et
1353 2947 1439 3014 Ora·

204 3037 281 3100 torii
314 3037 513 3103 Parisiensis
549 3036 763 3101 bibliothecae
796 3035 857 3102 hoe
892 3036 1061 3119 exemplar
1093 3036 1194 3101 fuisse
1225 3042 1349 3101 testata
1379 3042 1440 3101 est.

203 3121 278 3187 Iam
299 3144 401 3205 quum
423 3123 487 3188 Iac.
508 3123 558 3187 Le
580 3122 686 3206 Long.
716 3120 863 3187 ciusdem
891 3123 1026 3187 oratorii
1052 3123 1225 3207 presbyter
1252 3144 1294 3188 ex
1321 3121 1439 3188 biblio-

204 3208 300 3274 theca
322 3209 447 3272 ordinis
475 3210 524 3273 sui
555 3207 731 3273 editionem
753 3209 1026 3292 Voegelinianam
1056 3209 1133 3274 anni
1160 3214 1240 3272 1594
1267 3217 1440 3275 recenseat

205 3296 486 3378 graeco-latinam,
514 3296 660 3359 fortassis
688 3296 757 3359 eius
785 3304 931 3377 tempore
952 3294 1068 3360 folium
1096 3294 1180 3360 illud
1207 3292 1354 3360 nondum
1380 3295 1438 3360 ab·

205 3381 343 3445 scissum
362 3383 477 3446 fuerat.
512 3378 610 3445 Oerte
632 3380 716 3444 liber
737 3380 791 3446 hic
813 3402 833 3445 a
854 3381 991 3446 caeteris
1013 3381 1166 3446 omnibus
1189 3381 1438 3466 Voegelinianis

205 3464 353 3532 diversus
376 3467 482 3548 quoad
502 3469 682 3531 formarum
703 3467 978 3551 compositionem,
1009 3487 1197 3551 quanquam
1219 3478 1355 3532 externo
1377 3468 1439 3533 ha·

204 3546 273 3615 bitu
296 3551 412 3616 iisdem
435 3553 630 3617 simillimus.
665 3551 836 3633 Quantum
858 3551 1056 3633 adtentum,
1077 3553 1226 3636 proxime
1248 3551 1375 3620 accedit
1395 3553 1439 3619 ad

204 3636 253 3700 ed.
284 3659 312 3702 a.
344 3643 424 3699 1518
453 3660 473 3701 5
502 3659 565 3722 qua
593 3659 658 3703 uno
685 3646 817 3703 tautum
845 3638 914 3705 loco
945 3639 1114 3722 discrepat
1160 3639 1279 3716 (Marc.
1313 3643 1361 3720 14,
1389 3645 1437 3706 15.

205 3720 360 3804 5111111551.)

363 3917 436 3975 l'l.l
474 3916 629 3974 LIPSIAE
651 3920 732 3991 impr.
749 3919 872 3976 dscobael
888 3920 1102 3992 Laazeoberqer.
1134 3919 1224 3979 1599.
1253 3919 1281 3978 8.

289 4050 382 4115 Η555
414 4049 547 4128 ultima,
581 4052 609 4116 si
642 4059 827 4136 temporum
859 4055 1019 4121 rationem
1052 4055 1222 4133 habueris,
1255 4053 1439 4122 ditissimae

204 4135 299 4200 seriei
321 4136 765 4221 Brylingero-Voegelianae
787 4139 886 4204 editio
909 4141 1062 4206 omnibus
1083 4141 1118 4205 in
1139 4141 1235 4220 loeis,
1261 4141 1439 4226 inquibus

203 4221 301 4286 huius
322 4222 468 4287 familiae
489 4223 565 4288 libri
587 4225 676 4288 inter
697 4247 732 4290 se
754 4223 926 4307 differunt,
949 4249 1024 4292 cum
1047 4225 1095 4292 ed.
1119 4247 1147 4292 5.
1174 4228 1256 4289 1581
1278 4227 1359 4294 facit
1379 4250 1438 4294 ex·

203 4308 305 4392 ceptis
328 4308 469 4376 duobus:
493 4309 573 4374 Luc.
596 4315 622 4390 1,
643 4315 691 4374 35.
716 4311 797 4377 haec
820 4312 1022 4379 sclaveram
1046 4313 1245 4397 scripturam
1261 4308 1439 4397 γεννώμενον

201 4394 363 4474 155111111,
402 4402 427 4460 1.
450 4396 538 4462 Ρ511.
565 4397 592 4473 1,
626 4401 655 4461 3.
685 4395 821 4482 Χριστὸς
847 4398 925 4464 olim
953 4400 1176 4479 Erasmicum,
1210 4400 1269 4467 sed
1296 4400 1375 4468 inde
1396 4401 1437 4468 ab

202 4501 230 4545 5.
257 4486 337 4543 1563
362 4482 512 4548 eiectum.
558 4479 625 4547 Sed
647 4483 771 4548 fontem
791 4486 982 4568 proximum
1002 4493 1134 4552 nostrae
1160 4485 1263 4554 fuisse
1292 4488 1439 4572 priorem

202 4567 349 4632 eiusdem
367 4566 569 4653 typographi
592 4573 707 4647 (1591)
732 4569 937 4638 demonstrat
952 4573 973 4637 l.
992 4572 1112 4639 Matth.
1136 4579 1163 4653 1,
1186 4578 1233 4640 18.
1265 4575 1438 4643 1111115155

192 4653 469 4743 Lanaenbergeri
492 4654 618 4723 habent
638 4656 675 4721 11
696 4657 805 4725 fronte
827 4659 958 4746 insigne
980 4659 1157 4749 Voegeliui.
