3000 5024
212 231 272 294 198
728 223 924 282 crrnrxv.
1417 225 1445 277 a

209 398 329 484 quidve
350 397 407 464 alii
426 397 539 483 plures
565 397 711 465 excussis
737 397 902 467 codicibus
929 397 1137 483 collectisque
1165 397 1372 466 variantibus
1400 397 1446 466 ad

208 506 280 551 rem
302 483 446 550 criticam
468 484 726 570 promovendam
748 484 958 550 contulerant
986 505 1116 550 summa
1144 503 1224 550 cura
1250 484 1383 570 collegit
1409 491 1447 551 et

210 571 354 656 digessit
400 569 533 637 Scilicet
553 571 827 658 praestantissimi
849 570 974 637 codices
995 570 1244 637 Alexandrinus
1265 571 1446 649 Cantabri-

210 657 332 743 giensis
354 656 598 723 Boernerianus
626 657 692 721 iam
719 657 809 741 typis
840 657 994 741 descripti
1022 656 1064 723 ad
1085 677 1203 723 manus
1224 667 1332 738 erant,
1363 657 1447 723 item

210 742 398 808 collationes
428 743 608 808 ditissimae
637 741 678 807 ab
705 743 821 808 Altero
848 741 982 808 Birchio
1011 741 1192 809 Matthaeio
1219 742 1341 809 Adlero
1369 743 1447 810 aliis

209 828 380 894 institutae
402 835 436 895 et
457 829 644 912 evulgatae,
673 835 720 909 et,
750 828 835 912 quod
857 851 924 896 nou
953 830 1066 895 infimo
1093 828 1164 895 loco
1192 826 1446 910 aestimandum,

210 914 358 982 virorum
382 914 551 981 doctorum
573 914 730 998 suffragia
750 914 870 981 talibus
892 915 1008 981 studiis
1030 915 1140 981 favere
1162 923 1337 999 coeperant
1359 937 1446 999 quae

209 1000 288 1065 olim
310 1000 422 1066 multis
445 1008 596 1084 suspecta
617 1009 651 1065 et
672 1000 883 1067 detrectanda
900 1001 1106 1068 videbantur.
1140 1001 1254 1086 Itaque
1272 1000 1326 1068 hic
1344 1021 1446 1086 appa-

210 1093 303 1153 ratus
333 1088 439 1153 multo
472 1085 674 1153 emendatior
703 1094 737 1153 et
767 1087 960 1170 locupletior
992 1088 1179 1166 exhibetur,
1212 1087 1447 1172 prolegomena

77 1215 80 1218 <
209 1172 315 1238 fusius
337 1171 377 1237 de
399 1179 510 1239 textus
532 1173 633 1256 vulgo
653 1172 776 1255 recepti
797 1174 978 1258 originibus
1006 1180 1039 1239 ct
1067 1174 1242 1239 autoritate
1264 1173 1445 1257 disputant,

210 1265 402 1342 caeteraque
423 1260 471 1325 rei
493 1259 624 1325 criticae
646 1259 754 1342 capita
775 1265 927 1325 tractant.
961 1259 1083 1325 Forma
1100 1260 1176 1326 libri
1195 1281 1215 1326 a
1232 1260 1342 1342 priore
1360 1261 1446 1326 nihil

210 1351 345 1410 mutata.
396 1346 577 1428 Exemplar
602 1345 679 1411 libri
712 1345 749 1409 in
787 1346 956 1428 quaternis
985 1367 1176 1429 expressum
1209 1345 1278 1413 sola
1309 1346 1446 1413 chartae

210 1429 428 1515 amplitudine
450 1433 490 1497 ab
514 1431 616 1496 altero
638 1429 756 1496 differt.

297 1544 442 1608 Textum
463 1563 541 1608 vero
555 1542 671 1625 ipsum
691 1549 766 1624 post
793 1550 842 1607 tot
863 1549 1035 1627 tantosque
1061 1543 1189 1610 labores
1215 1564 1284 1610 non
1313 1546 1445 1629 saepius

211 1650 231 1694 a
252 1629 414 1711 scriptura
435 1628 561 1712 primae
582 1628 781 1695 recensionis
798 1628 983 1713 discrepare
1000 1652 1066 1695 non
1082 1631 1246 1696 immerito
1263 1630 1444 1698 miraberis.

210 1713 345 1782 Scilicet
361 1715 397 1778 in
414 1714 477 1780 hac
494 1721 605 1779 nostra
626 1715 790 1780 habentur
806 1715 962 1781 lectiones
974 1716 1201 1783 Elzevirianae
1214 1720 1285 1795 648,
1304 1717 1446 1783 aliorum

214 1802 285 1878 993,
307 1821 414 1867 novae
437 1805 486 1876 59,
510 1807 543 1865 ct
564 1820 722 1865 numerus
743 1801 889 1866 locorum
916 1808 1105 1867 nostrorum
1126 1803 1174 1867 ita
1194 1802 1446 1869 sollicitatorem

211 1886 530 1970 quinquageniarum
551 1887 608 1952 vix
631 1885 767 1952 excedit.
812 1885 953 1970 Singula
981 1889 1094 1969 paucis
1122 1887 1246 1955 absolvi
1273 1897 1445 1971 poterunt:

200 1971 458 2038 Elzeviriauam
479 1972 631 2056 repudiat
651 1972 751 2038 vicies
774 1980 807 2037 et
828 1973 936 2039 sexies
958 1974 1103 2057 (recepta
1121 1974 1246 2058 Oompl.
1269 1975 1373 2041 ΕΘΛ)
1387 1976 1446 2041 L⁸·

211 2059 260 2124 ’,79
284 2059 316 2126 J.
344 2064 412 2123 159.
445 2063 513 2123 194.
546 2062 616 2122 904.
649 2062 719 2124 918.
749 2061 820 2125 974.
848 2062 920 2124 995.
951 2063 1021 2124 93].
1055 2060 1309 2142 ErasmicaRl3
1340 2063 1447 2128 veteri

211 2144 268 2210 W.
293 2147 351 2224 24;
382 2144 498 2211 Wells.
520 2143 563 2209 Y.
588 2147 638 2208 28.
663 2148 712 2209 29.
738 2150 792 2225 31;
824 2146 923 2211 Macii
945 2147 981 2210 Z.
1007 2148 1055 2210 24.
1080 2149 1129 2210 25.
1154 2150 1203 2213 87.
1230 2151 1304 2228 119;
1338 2148 1445 2232 Beng.

211 2233 246 2295 Γ.
271 2235 300 2295 7.
333 2236 387 2309 ]9;
415 2231 537 2296 Wetst.
568 2231 603 2295 A.
630 2234 648 2292 5
674 2238 708 2295 et
735 2230 861 2297 duobus
888 2232 983 2297 novis
1004 2236 1069 2317 A),
1098 2232 1368 2321 Oomplutensem
1395 2233 1447 2301 bis

210 2323 286 2398 (pro
308 2317 365 2381 Elr.
389 2318 429 2382 A.
455 2319 494 2377 94
523 2323 557 2381 et
585 2336 672 2382 nova
693 2320 732 2382 A.
755 2315 825 2402 76),
853 2317 1058 2383 Erasmicam
1087 2318 1190 2384 semel
1218 2319 1293 2404 (pro
1315 2319 1445 2402 Gompl

208 2402 288 2482 ΒΨ
317 2411 432 2485 quater
454 2401 496 2468 ad
518 2403 686 2486 vulgatam
707 2402 793 2468 redit
815 2404 851 2485 (a
873 2404 998 2487 Oompl.
1022 2406 1061 2470 A.
1087 2409 1106 2466 5
1128 2413 1162 2469 et
1181 2404 1226 2470 X.
1253 2409 1302 2483 18,
1331 2413 1368 2471 et
1388 2405 1446 2472 de-

210 2491 299 2553 serta
320 2509 379 2553 sua
400 2489 504 2571 ipsius
525 2509 610 2553 nova
630 2491 698 2566 ΑΒ),
729 2489 829 2555 semel
857 2511 917 2556 sua
938 2510 1025 2558 nova
1045 2489 1160 2556 relicta
1181 2490 1326 2557 restituit
1347 2491 1447 2557 Oom·

209 2573 394 2724 plutensem
418 2572 504 2659 (Ab),
533 2574 633 2639 semel
663 2575 703 2639 ab
731 2574 843 2640 eadem
872 2577 990 2640 transit
1012 2574 1053 2641 ad
1076 2576 1269 2642 Oolinaeum
1291 2577 1347 2662 (A.
1372 2576 1446 2663 59);

223 2658 367 2725 actiones
395 2680 472 2725 suas
500 2658 579 2724 olim
612 2660 856 2727 commendatas
885 2662 950 2726 ΑΒ)
979 2663 1100 2728 iterum
1132 2683 1174 2728 ex
1201 2671 1295 2746 parte
1323 2669 1447 2745 mutat;

211 2743 351 2828 denique
370 2745 405 2810 iu
423 2744 609 2827 quindecim
626 2745 691 2811 illis
708 2745 788 2812 locis
806 2748 863 2813 ubi
880 2747 999 2814 dubius
1016 2748 1169 2815 haeserat
1190 2753 1265 2826 (Aa)
1282 2748 1352 2815 iam
1367 2748 1449 2816 facit

211 2829 265 2898 vel
286 2852 361 2899 cum
383 2831 545 2897 Elaeviris
571 2832 738 2914 (56-59),
768 2834 820 2899 vel
848 2855 924 2900 cum
945 2836 1084 2899 Erasmo
1106 2836 1172 2918 (60.
1198 2837 1262 2917 61),
1291 2835 1345 2905 vel
1371 2855 1448 2902 cum

211 2917 501 3002 Oomplntensibns
523 2920 690 2998 (st—65),
712 2918 765 2984 vel
789 2917 927 3003 denique
949 2940 1069 2987 novam
1092 2929 1204 2987 servat
1225 2924 1393 3001 (66-70).

296 3029 410 3096 Novae
421 3029 576 3095 lectiones
594 3028 754 3095 secundae
765 3032 963 3098 recensionis
975 3031 1252 3099 Griesbachianae
1269 3033 1333 3099 hae
1351 3042 1449 3101 sunt:

242 3137 282 3199 A.
306 3131 328 3197 l.
371 3126 421 3197 71.
444 3132 490 3197 Ιο.
516 3136 544 3211 6,
571 3137 619 3198 58.
643 3131 694 3219 (Ζ.
721 3135 795 3213 124)
817 3155 880 3198 om.
903 3132 936 3197 td
952 3134 1050 3214 μάννα
1070 3135 1135 3201 HT
1146 3135 1208 3215 (Κ)

369 3220 420 3282 72.
448 3218 585 3283 1.Petr.
615 3225 639 3298 1,
664 3223 712 3283 23.
737 3218 829 3306 (878)
852 3220 918 3286 om.
937 3224 981 3295 εἰς
1000 3220 1049 3284 τὸν
1071 3223 1166 3285 αἰῶνα
1189 3221 1368 3302 SIM')

305 3324 349 3368 m.
370 3308 418 3369 73.
442 3304 545 3369 Μ555.
570 3308 599 3384 9,
624 3309 672 3370 38.
697 3305 751 3390 (A.
776 3310 832 3389 49)
859 3305 1004 3371 restituit
1026 3302 1071 3371 ὅτι
1093 3315 1186 3374 caett.
1208 3328 1271 3374 om.
1294 3305 1330 3382 ὃς
1351 3316 1448 3377 caett

367 3393 417 3456 74.
440 3391 522 3455 Luc.
549 3396 575 3469 1,
600 3392 649 3455 79.
675 3395 728 3466 (Λ.
754 3395 809 3466 50)
833 3393 934 3457 restit.
960 3391 1010 3455 ἐπὶ
1029 3417 1054 3456 τ.
1074 3393 1153 3481 λόγῳ
1177 3414 1239 3459 om.
1259 3392 1366 3460 idcirc
1383 3396 1450 3464 H'r

371 3480 419 3540 75.
442 3475 524 3540 Luc.
539 3480 567 3554 9,
588 3480 637 3541 55.
653 3481 703 3542 56.
723 3479 776 3560 (Λ.
791 3475 845 3562 51)
857 3477 960 3543 restit.
973 3479 1064 3563 prius
1076 3501 1203 3546 comma
1213 3501 1275 3546 om.
1288 3488 1372 3566 post
1384 3481 1451 3551 HS

369 3563 418 3626 76.
443 3562 505 3643 Ap.
530 3565 558 3638 6,
585 3569 611 3626 l.
636 3567 664 3626 5.
690 3568 718 3627 7.
743 3563 789 3638 (J.
817 3567 891 3640 141)
915 3565 1002 3646 ἔρχου
1023 3590 1052 3629 κ.
1075 3564 1122 3630 t'de
1142 3564 1168 3633 S
1190 3568 1236 3650 (v.
1262 3571 1279 3627 3
1301 3567 1390 3652 Opl.)

309 3669 340 3712 n.
371 3651 420 3712 77.
444 3646 517 3712 Iud.
548 3649 597 3711 95.
626 3650 681 3727 (Λ.
712 3653 767 3728 55)
800 3648 872 3714 add.
900 3650 960 3734 πρὸ
986 3649 1097 3725 παντὸς
1123 3677 1148 3716 τ.
1181 3654 1287 3727 αἰῶνος
1315 3661 1452 3721 servato

624 3734 731 3817 priore
753 3734 974 3802 additamento
997 3736 1093 3805 SLT.

300 3832 349 3901 of.
373 3834 497 3902 dehac
520 3835 661 3902 editione
683 3837 787 3903 diaria
807 3838 905 3905 theol.
928 3840 1119 3906 Haenleinii
1136 3841 1198 3908 IX.
1221 3848 1247 3923 1,
1270 3841 1454 3912 Schmidtii

214 3919 241 3986 I.
267 3924 338 4000 601,
361 3919 574 3988 Schleusneri
596 3923 655 3986 IV.
679 3928 749 4004 509,
773 3923 910 3991 Gableri
931 3925 995 3992 HI.
1021 3929 1059 3988 27
1083 3933 1143 3994 etc.

376 4175 427 4243 a*
469 4181 604 4241 mann
622 4185 688 4244 aaa.
707 4189 795 4261 aar.
815 4191 840 4245 1.
861 4187 951 4250 5555·
965 4190 1104 4248 caeca.
1135 4190 1226 4253 1797.
1257 4191 1285 4252 s.

301 4347 489 4436 Synopseos
519 4350 797 4420 Griesbachianae
825 4355 923 4421 editio
944 4356 989 4422 H.
1018 4358 1152 4425 omnino
1180 4358 1288 4443 quoad
1315 4366 1455 4428 textum

214 4437 255 4502 ad
277 4435 372 4502 modo
390 4436 561 4503 laudatum
584 4459 667 4521 opus
688 4442 889 4507 conformata
911 4443 1003 4508 cuius
1025 4452 1135 4509 tamen
1164 4453 1360 4528 apparatum
1381 4466 1454 4513 non

213 4523 381 4606 integrum
402 4523 527 4608 recipit.
573 4524 732 4593 Ordinem
754 4528 936 4594 sectionum
962 4529 1070 4596 rarius
1091 4537 1213 4612 mutat,
1247 4531 1285 4597 iu
1308 4530 1454 4599 historia

212 4609 375 4695 passionis
396 4611 565 4696 pericopas
586 4612 749 4681 Ioanneas
772 4613 909 4682 caeteris
930 4613 1029 4684 addit.
