3000 5024
82 236 114 301 X
349 243 545 302 rumonus
563 242 1048 305 srsrnsnouuznvlmsrnlt.
1255 251 1315 314 14⁷

80 418 160 484 iecit
181 425 216 484 at
237 417 397 504 singulari
418 438 497 485 cura
517 419 605 484 inter
628 418 818 485 unctionem
845 421 1023 487 reformare
1051 419 1188 502 studuit,
1215 421 1317 487 reior-

81 510 206 571 matam
229 503 493 572 adnotationibus
509 503 552 572 ad
624 526 695 572 cem
712 503 788 573 libri
809 505 942 574 leobrris
959 505 1160 593 significarit
1181 515 1215 574 et
1230 526 1317 573 oom-

81 591 266 659 mendavit
318 593 488 679 hyporum
519 592 689 659 character
719 594 900 677 speciosus,
932 594 1047 660 churta
1078 595 1184 660 bonae
1209 602 1317 673 notae,

80 677 479 831 §bulgegeographicae
501 685 536 745 at
556 679 808 764 topogrophioae
829 681 950 764 pluras.
994 680 1044 747 of.
1066 680 1192 747 Kraftii
1219 680 1316 746 theol.

170 851 297 918 Taxtm
317 852 386 918 iare
396 851 567 918 Pritianus
588 852 708 936 quippe
729 872 827 935 quem
849 853 993 919 referant
1013 853 1048 919 in
1071 858 1185 917 nostra
1206 849 1318 916 lectio-

81 936 278 1022 99981999.
302 944 328 1018 ξ.
349 941 378 1003 o.
406 940 453 1004 12.
475 941 608 1003 14-11.
631 939 1173 1005 18.95-91.36-38.919.(191.
1196 943 1245 1016 11,
1270 939 1317 1014 ro,

83 1044 159 1108 σφρ.
205 1022 335 1125 Quibus
357 1024 516 1092 accedunt
538 1023 652 1108 Steph.
681 1030 707 1104 ξ.
738 1031 766 1092 9.
791 1033 830 1133 at
858 1029 908 1093 32.
937 1035 1024 1092 tum:
1051 1025 1098 1092 Io.
1131 1027 1179 1103 18,
1212 1028 1239 1102 1,
1266 1023 1321 1085 τοῦ

79 1109 379 1282 nogarae
396 1115 491 1265 91
513 1109 653 1263 rosc
673 1116 759 1272 9.·
772 1111 878 1280 ur

241 1437 316 1505 ec·
357 1441 651 1504 munuum
668 1461 714 1518 ep.
731 1445 757 1500 1.
774 1444 818 1501 u.
836 1442 980 1519 99999.
1011 1442 1102 1504 nes.
1136 1443 1163 1504 s.

168 1609 287 1693 Editio
304 1610 585 1698 Sohoattgeniana
606 1611 749 1695 secunda
768 1633 788 1678 9
809 1611 920 1697 priore
937 1610 995 1680 vix
1016 1608 1240 1680 discernenda.

242 1858 320 1923 34.1
361 1858 655 1921 VRATISLAVIAE
672 1878 718 1936 ap.
736 1862 761 1918 1.
779 1860 814 1918 F.
830 1861 910 1919 Korn
926 1876 982 1919 soa.
1018 1854 1108 1921 1782.
1133 1858 1162 1920 8.

167 2010 384 2079 Praecedenti
405 2013 487 2080 hacc
508 2011 607 2079 tortia
628 2011 802 2079 simillima.

79 2234 158 2301 db*
199 2239 492 2301 VRATISLAVIAE
515 2242 715 2386 mmihi?
736 2249 770 2385 eg
788 2242 894 2298 199999
917 2242 996 2315 opud
1016 2241 1058 2296 Io.
1082 2239 1133 2296 19.
1156 2241 1236 2296 Kosa
1261 2255 1317 2296 sors.

168 2496 211 2562 In
233 2494 297 2563 hac
317 2495 433 2561 ultima
455 2494 807 2581 Schoettgeniana'ter
827 2494 922 2562 lectio
939 2495 1150 2562 Ehaririana
1165 2515 1225 2578 pro
1242 2493 1318 2561 Sto-

79 2582 228 2669 phanioa
248 2583 284 2648 in
305 2603 402 2648 suum
424 2582 532 2649 locum
553 2583 777 2667 redintegrata
798 2589 856 2648 est.
901 2587 942 2661 (ξ.
967 2588 995 2646 9.
1019 2586 1067 2647 15.
1092 2584 1158 2661 96).

99 2809 181 2874 ea*
223 2808 382 2871 rancun
404 2813 664 2973 99999ωᾶ99),
684 2811 791 2956 arleff
810 2811 944 2955 ιιὲηιιαιιις
963 2811 1007 2885 (u
1018 2813 1093 2882 fine:
1116 2826 1173 2870 99.
1196 2811 1222 2868 1.
1239 2811 1297 2870 Aa.

575 2917 666 2974 acon.
785 2944 793 2961 .
849 2942 856 2959 .

170 3065 361 3134 Editionem
382 3065 511 3133 curavit
531 3064 790 3149 christophorus
810 3064 951 3132 Fischer
971 3064 1154 3151 theologiae
1180 3065 1319 3133 catholi-

84 3173 144 3219 oas
176 3154 341 3237 professor
369 3152 468 3221 variis
497 3152 628 3237 scriptis
655 3153 772 3232 clarus,
801 3151 890 3237 typis
919 3151 999 3218 satis
1025 3153 1233 3236 conspicuum
1261 3151 1320 3219 sed

85 3239 277 3309 acuentibus
303 3239 503 3305 destitutam.
548 3240 690 3304 Textum
719 3245 889 3324 receptum
915 3259 987 3306 sese
1016 3238 1201 3322 exprimere
1230 3239 1318 3306 affir-

82 3334 172 3407 mat,
194 3326 252 3393 sed
273 3325 588 3410 Schoettgenianam
605 3325 862 3410 recognitionem
882 3325 1029 3409 pressius
1051 3334 1227 3411 sequutum
1248 3346 1319 3393 esse

82 3411 174 3480 facili
196 3412 328 3499 negotio
352 3410 562 3495 deprehendi.
607 3411 740 3479 Adsunt
758 3412 846 3478 enim
868 3411 1023 3478 lectiones
1047 3411 1096 3479 St.
1114 3417 1140 3492 ξ.
1165 3416 1193 3478 6.
1213 3417 1241 3478 9.
1269 3416 1318 3479 12.

86 3504 137 3565 14.
164 3503 215 3577 16.
238 3504 285 3566 18.
311 3501 446 3565 95-17.
470 3501 519 3563 31.
545 3502 679 3565 36-38.
723 3499 902 3565 Praeterea
930 3497 1082 3564 emendat
1102 3498 1205 3566 Hebr.
1231 3503 1259 3579 9,
1291 3505 1317 3566 1.

82 3586 206 3653 omisso
228 3607 298 3654 voc.
319 3583 409 3665 orpus)
433 3589 473 3664 (ξ.
498 3587 551 3666 94)
575 3585 772 3664 9119111,
797 3590 826 3649 3.
850 3607 890 3650 ex
914 3585 1099 3652 coniectura
1120 3583 1319 3670 ἅναφῆναντες

83 3671 232 3740 scribens
254 3678 293 3753 (ξ.
319 3673 382 3758 11).
426 3671 562 3738 Adsunt
589 3672 689 3738 etiam
711 3693 811 3755 supra
833 3672 938 3738 dietae
960 3673 1080 3738 Matth
1112 3675 1139 3753 6,
1172 3676 1199 3738 6.
1228 3682 1261 3738 91
1290 3675 1317 3739 t.

85 3757 163 3826 eor.
184 3763 213 3841 3,
239 3767 267 3826 1.
309 3758 377 3826 Hic
394 3756 476 3823 liber
497 3759 533 3823 in
555 3757 648 3824 nulla
664 3758 794 3842 publica
814 3758 1011 3825 bibliotheca
1028 3764 1160 3826 exstare
1182 3759 1316 3825 videtur

82 3866 192 3930 neque
213 3865 351 3931 usquam
373 3844 542 3911 laudatum
565 3845 642 3915 vidi.

84 4090 164 4156 37)
207 4089 401 4152 UPSALIAE
419 4093 508 4149 literis
528 4102 553 4150 et
570 4094 700 4168 impensio
718 4095 758 4150 Io.
776 4094 861 4150 rhed.
880 4095 993 4149 Edman
1012 4092 1126 4150 SectI.
1158 4091 1248 4154 1806.
1278 4126 1316 4137 -

334 4180 464 4239 99911.
491 4199 546 4238 99.
564 4182 660 4256 nepe
677 4191 703 4239 9
720 4182 879 4239 remus.
916 4179 1004 4240 1817.
1041 4179 1069 4241 8.

173 4350 299 4417 [Fartus
327 4347 368 4414 ad
396 4346 709 4435 Sohoottgeniunam
736 4349 877 4433 primum
907 4369 1098 4433 expressus,
1124 4347 1319 4415 lectionibus

82 4435 293 4505 variantibus
325 4437 509 4520 praecipuis
539 4457 580 4501 ex
609 4446 768 4520 apparatu
801 4435 1061 4502 Griesbuchicno
1089 4435 1233 4520 margini
1262 4434 1318 4500 ad-

81 4522 227 4609 scriptis.
279 4521 462 4592 Observavi
492 4531 603 4588 temen
637 4522 812 4588 nonnullas
845 4521 1088 4588 emendationes
1121 4522 1161 4587 ab
1194 4521 1318 4586 editore

80 4606 193 4676 factas
209 4611 266 4694 qui
287 4618 340 4677 ter
362 4610 403 4675 ad
425 4610 595 4675 Elaevircs
615 4607 714 4674 redit:
737 4609 784 4674 Io.
813 4614 859 4690 18,
887 4617 912 4674 1.
937 4610 1009 4675 Α91.
1035 4610 1063 4688 2,
1088 4610 1136 4673 30.
1159 4616 1193 4673 91
1216 4611 1266 4688 21,
1291 4614 1318 4672 8.

1077 4763 1132 4819 hb*
