3000 5024
186 231 227 297 36
717 226 835 284 cerer
853 228 889 284 11.
1398 226 1424 283 u

185 404 251 474 cidi
271 403 308 470 in
330 398 448 489 quibus
476 423 582 470 novus
611 401 716 468 editor
743 400 841 469 tacite
864 399 1102 485 Stephanicam
1125 399 1298 468 lectionem
1319 396 1425 468 Eras-

185 492 289 559 mitae
312 490 481 558 substituit
502 491 549 572 (J.
570 494 642 554 216.
665 489 804 555 111151.
830 492 902 554 266.
925 489 963 555 P.
984 490 1055 552 264.
1080 490 1152 554 266.
1175 491 1247 553 ιιι.
1272 486 1313 570 o.
1337 492 1425 568 eoo).

216 703 289 762 24.a
332 674 526 760 brennae
545 720 590 776 tp.
608 703 687 758 raa.
705 702 870 758 namet
887 709 914 757 a
930 701 993 756 ua.
1012 699 1196 773 61666661.
1229 699 1319 758 1641.
1345 699 1400 768 soz.

271 836 314 899 In
345 837 418 900 fine
444 834 522 900 libri
554 835 677 920 legitur
712 837 805 898 1542.
859 833 945 900 Oum
984 831 1126 899 editione
1164 831 1311 898 eiusdem
1344 834 1426 898 anni

187 921 430 1004 eorundemque
451 921 737 1006 typographorum
757 942 857 1004 supra
879 925 1058 985 memorata
1080 917 1141 985 sub
1163 919 1204 985 N.
1228 922 1269 982 22
1299 940 1426 1004 nequa·

186 1028 285 1090 quam
308 1008 546 1074 confundenda.
587 1007 681 1073 Haec
702 1015 815 1072 nostra
839 1007 929 1071 enim
950 1006 1086 1089 praebet
1106 1005 1269 1087 triplicem
1292 1011 1426 1072 textum

186 1095 271 1160 sicut
288 1101 404 1178 quarta
422 1094 555 1158 Erasmi
574 1094 689 1179 ipsius,
712 1114 811 1176 quam
833 1094 894 1158 hac
918 1092 957 1156 de
975 1112 1074 1158 causa
1091 1091 1261 1159 Meschius
1283 1093 1319 1157 in
1338 1092 1427 1177 Sup

185 1181 362 1264 plementis
383 1202 418 1265 p.
441 1184 478 1242 21
504 1180 587 1246 falso
606 1181 792 1264 suspicatur
809 1179 905 1244 titulo
924 1200 1009 1246 novo
1028 1184 1177 1243 ornatam
1194 1177 1317 1243 iterum
1335 1194 1425 1245 anuo

190 1262 271 1330 1541
293 1267 446 1332 emissam
465 1287 545 1332 esse.
580 1265 653 1330 Imo
671 1267 767 1349 plane
785 1287 910 1331 novum
932 1287 1013 1348 opus
1036 1273 1086 1330 est
1108 1270 1141 1329 et
1162 1265 1425 1347 quaeLorckius

187 1351 227 1416 de
250 1352 333 1418 libro
355 1353 419 1435 ipsi
440 1353 554 1436 ignoto
575 1353 701 1436 profert
722 1352 810 1431 (BG.
829 1352 874 1417 Π.
896 1355 950 1434 25)
973 1350 1123 1416 Meschio
1145 1351 1253 1416 haedi
1275 1352 1424 1418 fuerunt.

188 1437 338 1504 Certiora
370 1437 426 1504 dat
457 1438 546 1504 idem
573 1461 604 1522 p.
635 1442 685 1504 30.
737 1436 896 1521 Sequitur
922 1438 1055 1503 omnino
1081 1437 1230 1520 quintam
1258 1459 1325 1504 uno
1354 1437 1426 1506 loco

187 1532 323 1610 excepto
348 1533 374 1590 l.
395 1525 470 1592 Cor.
491 1528 539 1604 12,
563 1528 591 1589 2.
616 1523 667 1610 (S.
688 1527 763 1605 318)
785 1525 821 1590 in
845 1547 906 1610 quo
929 1523 1165 1590 adlectionem
1188 1531 1325 1608 quartae
1345 1546 1426 1592 ean-

188 1611 326 1696 demque
349 1611 617 1694 Oomplutensem
637 1610 733 1677 redit.

216 1822 291 1881 25.1
333 1821 528 1880 BASILEAE
548 1841 593 1896 ap.
611 1823 690 1881 Hier.
708 1824 873 1880 Etobeaiwm
890 1830 917 1878 ct
932 1822 995 1878 Nic.
1013 1816 1198 1895 hpacmat.
1229 1823 1318 1880 1537.
1345 1824 1398 1891 fol.

273 1956 476 2021 Harmoniae
498 1956 707 2041 evangelicae
725 1957 758 2022 ll.
779 1956 839 2022 IV.
863 1978 911 2041 gr.
930 1962 964 2020 et
983 1956 1038 2020 lat.
1052 1953 1134 2019 'cum
1156 1955 1429 2022 annotationibus

188 2042 292 2109 Andr.
317 2042 485 2108 Osiandri.
531 2043 624 2125 Opus
647 2045 728 2109 satis
750 2050 864 2107 notum
885 2043 925 2107 01
948 2041 1094 2106 studium
1117 2043 1260 2107 auctoris
1288 2043 1327 2106 in
1349 2064 1429 2110 con·

188 2128 355 2197 cinnanda
377 2151 436 2195 sua
457 2127 630 2194 harmonia
649 2128 683 2193 id
706 2131 853 2193 maxime
875 2129 1002 2212 agentis
1031 2135 1071 2192 ut
1092 2128 1245 2211 spiritum
1273 2136 1431 2196 sanctum

189 2215 424 2299 evangelistas,
453 2216 602 2297 quamvis
630 2215 799 2282 diversum
826 2236 937 2280 rerum
965 2214 1114 2279 ordinem
1142 2220 1312 2297 sequutus,
1344 2222 1430 2282 tern-

188 2323 308 2385 porum
329 2302 493 2367 rationem
515 2321 676 2385 nusquam
698 2302 917 2369 intervertere
934 2321 1067 2384 passum
1085 2322 1156 2367 esse
1175 2301 1429 2369 demonstraret

189 2387 311 2454 Fusius
345 2387 384 2452 de
418 2409 455 2452 eo
488 2395 592 2470 agunt
623 2386 805 2454 Unschuld.
833 2387 954 2453 Nachr.
989 2391 1071 2452 1734
1105 2409 1136 2472 p.
1168 2390 1245 2467 364,
1282 2387 1430 2456 Goeaius

189 2473 286 2539 Vera.
308 2474 353 2539 Π.
378 2473 407 2552 9,
431 2473 601 2539 Maschius
623 2475 659 2538 in
682 2473 850 2558 Supplem.
873 2494 904 2557 p.
932 2477 978 2537 19.
1142 2552 1145 2556 .

276 2558 435 2643 Sequitur
463 2565 575 2624 textus
604 2561 751 2642 quintam
780 2560 987 2626 Erasmicam
1017 2579 1036 2623 a
1063 2580 1128 2643 qua
1159 2560 1209 2626 bis
1237 2561 1360 2628 transit
1388 2561 1432 2628 ad

189 2646 387 2712 Bebelianas
415 2645 461 2726 (U
470 2656 492 2686 ¹¹¹
516 2654 549 2710 et
568 2645 648 2711 Beb.
676 2651 716 2722 1).
759 2647 887 2712 Locum
908 2647 988 2712 Luc.
1013 2649 1042 2726 2,
1069 2651 1117 2709 14.
1142 2646 1193 2732 (Τ.
1219 2649 1296 2726 328)
1319 2654 1433 2715 mutat

190 2752 233 2798 ex
255 2734 452 2811 coniectura,
475 2737 514 2796 ut
536 2731 675 2813 videtur,
697 2733 856 2812 scribens;
879 2731 975 2818 εἰρήνη
998 2730 1185 2819 ἀνθρώποις,
1203 2730 1338 2824 εὖδοκίᾳ.

216 2941 291 3000 211.1
334 2942 529 3000 BASILEAE
546 2962 591 3016 ap.
609 2945 688 3000 Hier.
706 2945 871 3001 Ebodeaieaa
888 2954 915 3001 et
931 2946 995 3002 Nic.
1013 2946 1199 3018 Episcmam.
1231 2947 1321 3003 1661.
1350 2948 1404 3015 fol.

220 3154 223 3159 .
264 3077 478 3141 Harmoniae
501 3076 598 3142 modo
619 3077 772 3142 laudatae
800 3077 899 3143 editio
928 3077 1032 3142 altera
1054 3077 1162 3160 priore
1184 3078 1289 3144 multo
1311 3080 1430 3146 rarior.

191 3162 300 3244 Quam
324 3163 422 3228 etiam
441 3164 563 3228 sistunt
572 3163 747 3228 Walchius
765 3163 800 3227 in
818 3163 904 3228 Bibl.
925 3163 1021 3229 theol.
1042 3165 1102 3229 IV.
1123 3169 1185 3229 868
1205 3172 1238 3229 61
1255 3165 1432 3234 Maschius

190 3250 226 3313 in
249 3249 504 3334 Supplementis.
541 3249 681 3332 Saepius
702 3248 866 3332 hocopus
887 3270 1041 3316 recusum
1064 3251 1143 3332 dicit
1163 3251 1322 3318 Buddeus
1339 3252 1431 3338 Isag.

190 3357 220 3418 p.
256 3341 346 3399 1464.
400 3334 496 3415 Quod
525 3343 635 3400 tamen
663 3335 711 3400 ita
738 3335 989 3420 intelligendum
1018 3345 1055 3401 ut
1087 3346 1233 3403 caeteras
1266 3336 1432 3404 editiones

190 3427 285 3486 textu
307 3442 423 3504 graeco
446 3442 558 3486 carere
580 3422 776 3486 memineris.
812 3421 879 3502 Qui
901 3422 955 3485 hic
976 3422 1063 3488 idem
1086 3429 1136 3489 est
1158 3430 1256 3507 atque
1278 3425 1314 3488 in
1333 3446 1431 3508 prae-

191 3505 320 3656 cegenti
342 3507 434 3585 libro,
458 3508 485 3572 si
508 3507 616 3573 locum
636 3509 717 3574 Luc.
742 3511 771 3588 2,
801 3513 846 3572 14.
871 3508 1038 3591 exceperis
1066 3509 1106 3574 ad
1129 3509 1270 3577 Erasmi.
1285 3510 1433 3596 primam

190 3600 351 3659 rectum.

289 3801 337 3860 27.
381 3802 576 3860 BASILEAE
590 3823 643 3877 per
660 3806 723 3860 Nic.
740 3807 868 3877 Brpliaq.
885 3815 912 3861 et
929 3807 988 3862 Seb.
1007 3808 1126 3864 1106616.
1159 3809 1247 3866 1541.
1278 3810 1307 3867 8.

236 4020 238 4025 Ι
276 3935 387 4025 Editio
411 3934 648 4019 graeco-latina
670 3937 816 4000 omnium
839 3937 937 4003 huius
956 3939 1104 4021 officinae
1122 3940 1231 4025 prima
1252 3964 1338 4025 quae
1358 3943 1431 4011 diu·

190 4022 317 4088 tissime
340 4043 429 4087 meos
452 4018 562 4088 oculos
584 4022 679 4106 fugit.
713 4023 855 4089 Exstare
878 4047 951 4090 earn
973 4027 1008 4089 in
1031 4025 1226 4094 bibliotheca
1247 4029 1432 4117 Wernige·

189 4109 327 4174 rodiana
354 4108 490 4174 docebat
510 4108 679 4174 Meschius
708 4115 740 4172 et
761 4108 981 4195 interroganti
1002 4133 1060 4193 per
1081 4113 1194 4178 literas
1216 4117 1433 4185 confirmavit

190 4196 278 4260 (liar.
307 4195 345 4258 111.
374 4195 653 4260 Foerstemaunus
686 4216 792 4278 nuper
819 4197 965 4262 eiusdem
993 4196 1208 4266 bibliothecae
1240 4203 1433 4284 praefectus

190 4282 281 4346 cuius
303 4281 500 4346 humanitati
520 4283 617 4346 etiam
639 4282 871 4348 accuratiorem
894 4282 970 4348 libri
988 4286 1141 4350 notitiam
1159 4286 1269 4353 debeo.
1306 4289 1435 4358 Postea

191 4389 267 4433 vero
289 4369 325 4432 iu
347 4366 435 4433 aliud
459 4368 628 4451 exemplar
650 4368 750 4434 incidi
771 4369 807 4432 in
829 4369 1024 4435 bibliotheca
1041 4371 1194 4437 Vediana
1212 4371 1433 4458 Sangallensi

189 4452 398 4520 adservatum
417 4452 503 4536 quod
521 4455 681 4519 curiosius
700 4454 895 4521 examinavi.
931 4455 1166 4522 Additamenta
1183 4458 1306 4526 adsunt
1324 4454 1433 4546 nulla,

190 4540 274 4604 nulli
297 4541 424 4606 numeri
448 4541 653 4624 paginarum.
700 4540 825 4606 Textus
848 4541 889 4606 ad
912 4543 1044 4606 Erasmi
1066 4543 1216 4626 quintam
1246 4567 1434 4631 expressus

189 4634 329 4712 quatuor
355 4627 434 4693 locis
462 4628 608 4710 exceptis
631 4627 713 4693 Luc.
742 4630 776 4706 1,
807 4631 856 4693 35.
887 4627 1064 4713 (γενόμενον)
1093 4630 1181 4698 Phil.
1207 4635 1244 4715 2,
1272 4639 1298 4702 1.
1332 4639 1433 4724 (τινα)
