3000 5024
605 229 724 287 otrus
741 227 843 283 XVIII.
942 245 946 255 ·

290 494 344 554 33
387 494 505 554 HALIS
524 495 757 553 &selamin
774 492 1008 566 orphanotrophi.
1038 489 1128 551 1824.
1157 489 1186 551 8.

210 627 322 694 Editio
343 629 492 714 Knappii
513 630 611 695 tertia
632 626 793 695 secundae
816 626 965 692 omnibus
987 623 1135 689 numeris
1157 623 1338 692 simillima.

168 818 221 877 a*
263 818 431 879 aounrru
447 839 503 878 aa.
522 824 558 879 A.
576 824 602 877 r.
627 822 714 895 rapa
730 784 863 876 amaa
881 819 961 874 aaa.
980 818 1125 889 ramos.
1156 815 1248 876 raas.
1280 816 1308 878 8.

199 953 364 1019 Editionis
375 953 596 1038 Knappianae
613 954 729 1018 tertiae
740 952 1022 1019 accuratissimum
1032 949 1254 1035 apographon,
1273 950 1362 1036 quod

125 1040 293 1104 tamenin
314 1040 384 1123 ipso
406 1041 502 1106 titulo
522 1039 675 1113 editionis
698 1047 833 1123 quartae
854 1038 987 1103 nomine
1008 1036 1110 1102 venit.
1143 1035 1197 1103 Ab
1215 1037 1361 1104 editione

124 1126 264 1191 Halensi
285 1146 322 1191 eo
343 1125 455 1192 differt
476 1126 560 1209 quod
583 1126 722 1191 uncinos
743 1125 841 1190 unius
861 1130 993 1188 tantrrm
1015 1123 1144 1206 generis
1161 1123 1285 1207 ubique
1303 1123 1360 1189 ed-

124 1210 224 1292 hibet‚
255 1212 378 1278 scilicet
404 1213 581 1295 simplices,
611 1220 681 1277 tum
708 1211 796 1294 quod
825 1211 970 1295 capitum
997 1217 1191 1293 argumenta
1218 1209 1362 1295 singulis

126 1297 322 1363 sectionibus
342 1299 523 1382 praemittit
544 1319 627 1381 quae
647 1297 823 1382 Knappius
844 1295 951 1362 textui
972 1296 1008 1360 in
1029 1296 1179 1380 margine
1203 1296 1361 1362 inferiore

126 1392 282 1467 perpetuo
304 1393 418 1449 tenore
440 1385 631 1450 subiecerat.
748 1414 753 1422 ·
1175 1391 1178 1394 '

282 1577 338 1640 ae
380 1576 752 1635 acarasseorum
769 1578 1004 1651 aptamrropaa.
1037 1574 1128 1637 raro.
1159 1577 1189 1637 8.

212 1709 359 1794 Quartae
385 1711 535 1795 Knappii
562 1711 697 1777 editioni
723 1718 799 1794 post
825 1710 929 1777 soceri
957 1709 1084 1775 obitum
1115 1710 1285 1792 praefatus
1313 1717 1363 1776 est

126 1798 173 1863 Io.
207 1796 282 1864 Oar.
314 1798 410 1864 'Philo
448 1797 507 1864 cel.
541 1799 703 1881 professor
731 1796 914 1881 theologiae
945 1797 982 1860 in
1015 1793 1181 1861 academia
1211 1796 1362 1877 Halensi,

127 1883 221 1950 cuius
243 1884 313 1966 ipse
335 1884 499 1966 quondam
522 1884 649 1953 scholas
672 1882 747 1948 adii.
781 1881 883 1965 Operi
905 1881 1095 1949 excudendo
1117 1902 1212 1948 curas
1236 1883 1363 1966 impen-

127 1968 177 2035 dit
197 1970 304 2035 Maur.
328 1970 501 2056 Roediger,
524 1991 602 2034 mox
622 1970 717 2036 nobis
739 1970 780 2036 ab
802 1969 865 2034 alio
887 1969 987 2035 otiam
1012 1968 1123 2034 labore
1151 1968 1264 2034 critico
1290 1969 1363 2035 lau·

127 2055 263 2123 dandus.
296 2055 338 2121 In
360 2057 430 2140 ipso
447 2063 541 2122 textu
558 2056 639 2121 haec
656 2078 676 2121 a
693 2054 901 2139 praecedenti
911 2055 1052 2121 Halensi
1069 2054 1128 2120 vix
1145 2053 1363 2121 discernenda

127 2141 186 2208 sed
213 2143 296 2208 citra
327 2140 463 2208 dubium
489 2163 576 2209 nova
605 2150 639 2207 et
665 2140 802 2208 diversa.
855 2140 1127 2208 Coniecturarum
1153 2140 1281 2226 sylloge
1308 2141 1363 2208 hio

127 2248 188 2310 per
207 2228 302 2295 binas
323 2229 491 2295 columnas
513 2229 685 2312 descripta.
1071 2240 1073 2244 '

295 2421 349 2482 a.a
391 2422 508 2480 sams
527 2423 594 2480 saa.
611 2388 626 2480 ἑ
642 2410 761 2480 zaraa
778 2423 1015 2498 orptcthroptai.
1047 2420 1137 2482 1840.
1167 2420 1196 2481 8.

213 2554 325 2620 Editio
351 2556 551 2639 Knappiana
578 2557 694 2640 quinta
721 2555 899 2640 eademque
925 2554 1042 2620 ultima
1068 2553 1279 2638 praecedenti
1306 2576 1365 2639 per

88 2639 95 2645 ’
130 2641 241 2705 omnia
263 2640 436 2706 simillima.

157 2846 208 2912 a*
250 2851 405 2909 nmsms
422 2849 588 2911 aroma
605 2855 760 2926 sapam
795 2853 899 2909 moro
915 2855 941 2910 r.
959 2852 993 2909 8.
1010 2853 1141 2911 staua
1175 2852 1269 2913 1888.
1304 2853 1333 2916 8.

188 2932 205 2963 ⁴*
246 2939 583 2997 LIPSIAEialarcra
602 2941 759 3012 &meiana
797 2938 885 2999 1839.
922 2937 949 3001 8.

215 3070 282 3153 Qui
303 3072 481 3139 editionem
502 3073 588 3139 hano
606 3095 681 3139 cum
692 3073 793 3138 Ariae
804 3071 957 3137 Montani
974 3072 1245 3155 interpretatione
1262 3073 1367 3141 latina

130 3156 350 3243 evulgandam
377 3160 507 3225 curavit
529 3160 603 3225 Car.
627 3157 705 3225 aar.
730 3158 770 3224 de
791 3157 948 3238 Leutsch,
972 3156 1160 3242 philologus
1182 3159 1264 3225 olim
1285 3161 1366 3246 Lip-

129 3246 247 3310 siensis
258 3265 347 3311 nuno
359 3245 615 3330 Goettingensis,
634 3266 707 3311 eam
724 3244 904 3311 seeundum
915 3243 1161 3327 probatissimas
1173 3266 1366 3330 expressam

130 3351 150 3395 a
166 3330 343 3414 bibliopola
359 3330 424 3397 dici
445 3352 560 3413 passus
582 3337 641 3411 est,
660 3353 761 3415 quum
778 3337 888 3395 tamma
905 3331 975 3413 ipse
992 3350 1118 3395 meram
1128 3329 1366 3416 Knappianam

130 3438 201 3483 esse
228 3418 376 3482 fateatur.
426 3415 593 3484 Describit
621 3417 709 3481 enim
732 3416 924 3501 simpliciter
944 3416 1093 3501 Knappii
1115 3416 1297 3484 secundam
1318 3420 1366 3486 ita

131 3509 290 3568 mutatam
312 3508 349 3567 ut
370 3503 502 3568 unicum
523 3504 719 3569 unoinorum
740 3524 844 3587 genus
864 3501 1067 3578 adhibeatur.
1111 3502 1227 3568 Unum
1254 3514 1365 3571 tamen

131 3590 238 3656 locum
256 3588 364 3671 reperi
375 3590 493 3655 Matth.
514 3593 542 3670 8,
563 3594 612 3654 28.
632 3591 666 3655 in
689 3609 752 3673 quo
773 3589 906 3655 leotiom
922 3588 1053 3672 vulgari
1070 3589 1366 3676 novaKnappiana

79 3701 81 3706 ·
132 3674 247 3742 cedere
269 3675 359 3741 iussa
380 3684 440 3741 est.
483 3675 651 3741 Praefatio
672 3676 735 3742 viri
757 3675 842 3742 docti
864 3673 905 3739 de
926 3675 1066 3742 oraculis
1094 3677 1164 3760 agit
1190 3677 1365 3760 gentilium

132 3761 167 3825 in
188 3759 319 3826 laudem
330 3759 395 3826 Dei
407 3761 446 3828 Ο.
459 3763 504 3828 Μ.
524 3761 693 3828 etOhristi
715 3761 820 3827 editis.
853 3760 931 3844 Ipso
951 3761 1044 3841 liber,
1067 3761 1096 3827 si
1106 3761 1187 3827 talia
1199 3764 1365 3848 respicere

131 3846 282 3926 volueris,
304 3848 472 3913 catholicis
494 3847 768 3914 adnumerandus.
801 3846 913 3914 Editio
936 3868 963 3913 a.
990 3851 1070 3911 1839
1094 3869 1160 3913 non
1179 3849 1248 3915 nisi
1269 3850 1366 3916 titulo

132 3934 267 4017 apriori
289 3932 427 4013 diversa,
449 3936 485 3999 in
506 3956 569 4018 quo
591 3942 704 4000 tamen
725 3934 859 4000 editoris
881 3954 1004 3999 nomen
1024 3935 1091 3998 iam
1108 3939 1236 4001 tacetur
1254 3943 1289 4002 et
1305 3956 1366 4021 pro

131 4018 225 4085 libris
234 4019 480 4103 probatissimis,
503 4042 583 4105 quos
596 4021 742 4087 illaolim
758 4022 865 4086 fontes
883 4020 1072 4100 iactaverat
1091 4020 1179 4088 solus
1189 4021 1364 4107 Knappio-

132 4125 194 4172 nus
216 4104 354 4172 candide
375 4106 443 4172 dux
464 4109 660 4192 agnoscitur.

350 4310 402 4380 a*
444 4317 607 4392 ansus,
624 4321 742 4378 raca
765 4319 966 4379 ammana.
996 4316 1087 4380 rasa.
1119 4318 1146 4380 8.

217 4453 360 4520 Ilextum
371 4453 520 4539 Knappii
540 4475 558 4517 e
581 4453 724 4519 secunda
744 4454 934 4520 recensione
955 4451 1082 4517 editum
1103 4473 1191 4521 nova
1212 4453 1364 4521 versione

133 4541 235 4607 latina
257 4541 393 4607 donavit
404 4540 575 4624 Adelphus
587 4540 771 4620 Goeschen,
788 4541 882 4607 verbi
900 4537 1005 4606 divini
1017 4537 1105 4622 apud
1116 4538 1287 4608 Oellenses
1303 4540 1363 4606 mi·

132 4629 246 4709 nister,
263 4628 321 4712 qui
337 4629 436 4694 etiam
448 4627 655 4694 Griesbachii
666 4626 917 4693 etLachmanni
927 4625 1037 4695 varias
1053 4625 1211 4719 lectiones
1221 4627 1362 4713 margini
