3000 5024
209 245 271 311 194
726 239 843 297 esrur
859 239 921 297 xv.
1346 254 1357 280 e
1414 242 1442 295 A

207 417 263 481 alii
284 416 335 482 vel
358 415 512 480 audacius
535 415 586 479 vel
604 415 730 479 felicius
749 435 829 495 opus
847 413 930 477 illud
948 420 1179 492 retractarunt,
1203 412 1442 482 Griosbaehius

207 502 338 568 illorum
368 502 432 566 fuit
464 503 701 585 antesignanus
728 503 782 581 qui
810 501 992 583 profligatis
1020 500 1247 584 theologorum
1273 500 1443 582 praeiudi-

207 589 288 655 catis
315 586 520 671 opinionibus
548 587 704 652 scientiae
737 597 845 651 castra
878 594 911 650 01
944 586 1064 651 tutiora
1096 595 1130 651 et
1161 586 1259 652 latius
1291 587 1444 669 patentia

206 674 397 740 vindicavit.
442 674 494 738 De
514 673 632 755 quibus
660 673 690 737 si
714 671 809 755 plura
838 671 1075 737 desideraveris
1105 670 1202 737 adeas
1230 692 1351 754 quaeso
1375 673 1443 738 Mi·

207 758 327 825 chaelis
348 758 475 824 Introd.
498 759 524 823 I.
546 763 617 837 830,
640 758 788 823 eiusdem
811 757 957 823 biblioth.
977 758 1015 821 T.
1033 757 1095 823 IX.
1118 759 1174 839 X,
1196 758 1344 823 Ernestii
1362 756 1443 825 bibl.

206 844 304 911 theol.
328 847 365 910 T.
390 844 484 909 XIV.
508 866 537 928 p.
563 849 612 924 33,
636 843 832 909 Eichhornii
852 843 975 908 Introd.
999 843 1041 908 V.
1068 848 1136 908 304.
1173 844 1265 909 Alios
1287 844 1377 908 infra
1399 844 1444 909 ad

206 931 354 1016 singulas
380 931 538 995 editiones
571 929 785 995 laudabimus.
836 929 1044 994 Griesbaehii
1072 930 1178 995 vitam
1204 931 1275 1013 ipse
1302 930 1445 996 recitavi

205 1018 240 1082 in
262 1017 420 1101 Heraogii
448 1015 699 1101 eneyelopaedia
725 1013 914 1098 theologica.
961 1013 1099 1080 Caetera
1127 1016 1197 1081 cius
1224 1016 1349 1099 scripta
1375 1015 1445 1083 huc

205 1102 405 1186 pertinentia
426 1101 508 1167 haec
528 1112 618 1168 sunt:
641 1101 694 1166 Do
712 1102 873 1166 codicibus
896 1122 967 1166 evv.
981 1099 1190 1185 Origenianis
1213 1106 1308 1182 1771;
1331 1101 1443 1169 Ourna

205 1190 241 1253 in
262 1188 435 1254 historiam
457 1197 565 1264 textus
588 1209 660 1272 epp.
673 1188 891 1252 Paulinarum
907 1192 1001 1266 1777;
1025 1187 1203 1271 Symbolon
1225 1187 1266 1252 ad
1284 1188 1443 1271 supplen-

207 1270 265 1340 das
287 1283 321 1340 et
342 1273 553 1358 corrigendas
574 1277 682 1341 varias
695 1275 734 1339 N.
749 1275 785 1338 T.
806 1273 969 1353 lectiones,
992 1275 1029 1338 P.
1049 1274 1076 1338 Ι.
1104 1279 1193 1338 1785.
1217 1275 1255 1338 P.
1274 1274 1320 1339 II.
1345 1278 1442 1355 17933

206 1358 472 1427 Commentarius
495 1362 626 1426 criticus
648 1362 681 1424 in
705 1369 830 1425 textum
844 1359 883 1423 N.
897 1360 933 1423 T.
958 1364 1090 1425 179400.
1114 1380 1195 1442 0000
1212 1360 1445 1442 imperfectum

206 1445 271 1511 duc
293 1447 403 1529 priora
424 1446 596 1530 evangelia
624 1446 693 1511 sola
719 1446 898 1511 illustrans.
944 1444 1039 1526 Quae
1066 1445 1252 1511 laudatores
1281 1447 1443 1529 temperis

205 1533 269 1597 acti
297 1541 411 1598 contra
438 1531 691 1598 Gricsbachium
719 1533 928 1615 disputarunt
957 1530 998 1617 (a.
1027 1552 1075 1615 gr.
1105 1531 1214 1596 Ioaeh.
1237 1532 1442 1612 Hartmann,

205 1616 247 1684 ad
279 1617 470 1683 institutum
500 1618 560 1684 Gr.
594 1627 723 1682 textum
749 1619 790 1683 N.
820 1617 856 1683 T.
888 1615 1038 1683 mutandi
1070 1619 1192 1684 monita
1217 1617 1310 1684 Rost.
1343 1623 1444 1697 1775)

205 1703 304 1769 hodie
325 1704 443 1768 merito
465 1704 620 1769 oblivioni
643 1704 764 1768 tradita
785 1710 872 1768 sunt.
1392 1753 1396 1759 .

293 1791 374 1854 Tres
397 1788 604 1856 Gricsbachii
634 1791 838 1855 recensiones
866 1795 977 1853 textus
1006 1791 1114 1874 gruem
1136 1789 1176 1854 N.
1201 1789 1237 1855 T.
1261 1789 1444 1876 distingue,

206 1873 246 1942 (10
267 1876 384 1959 quibus
405 1876 471 1940 iam
499 1875 667 1960 sigillatim
695 1875 876 1942 dicendum.
922 1874 1016 1956 Quae
1037 1877 1079 1940 10
1102 1878 1162 1938 929
1191 1875 1270 1942 locis
1295 1877 1386 1942 inter
1407 1897 1446 1944 se

206 1982 319 2029 omnes
332 1961 560 2040 'consentiunt
582 1961 619 2026 in
642 1966 678 2024 71
704 1961 840 2044 reliquis
862 1963 952 2027 varie
974 1960 1169 2045 discrepant.

428 2223 443 2304 0
469 2226 495 2285 1.
539 2217 702 2287 nmmo
725 2216 1034 2286 eamsunonrr
1055 2219 1215 2287 Parus.
1305 2204 1311 2211 '

415 2411 468 2473 L*
511 2410 645 2470 HALAE
668 2411 929 2488 0011000001.
966 2414 1168 2476 1774.1775.
1203 2413 1232 2476 8.

360 2542 448 2612 [Libri
463 2545 586 2600 historici
604 2546 636 2600 N.
648 2546 679 2600 Τ.
699 2563 738 2613 gr.
757 2547 786 2600 P.
804 2546 826 2600 Ι.
844 2546 942 2603 0101000
960 2547 1089 2616 synopsin
1113 2563 1171 2603 err.
1193 2547 1334 2612 Matthaei,
1352 2547 1446 2603 Marci

361 2622 389 2669 et
405 2611 497 2670 Lucae
517 2613 592 2671 1771
614 2616 644 2669 P.
664 2614 697 2670 II.
717 2617 815 2671 sistens
833 2630 873 2669 er.
891 2615 930 2670 Io.
950 2623 977 2670 et
993 2616 1062 2671 Aeta
1080 2631 1143 2680 app.
1163 2615 1239 2670 1777).
1260 2645 1292 2656 ·-
1308 2613 1343 2673 N.
1354 2614 1387 2671 T.
1398 2633 1443 2686 gr.

361 2681 420 2738 701.
439 2682 472 2738 Il.
492 2686 622 2752 epistolas
640 2692 669 2739 01
686 2684 861 2754 apocalypsin
880 2683 1063 2754 complectens
1082 2683 1171 2757 1775]

472 2823 528 2888 T*
570 2825 705 2884 HALAE
723 2828 888 2902 1001100.
909 2827 984 2889 oua.
1016 2828 1105 2890 1777.
1138 2828 1168 2889 8.

359 2955 455 3096 ampo?
465 2957 590 3096 1100511701.
609 2961 632 3015 Ι.
650 2960 718 3014 Evr.
736 2960 850 3016 011010
869 2961 1051 3031 complectens
1075 2959 1150 3016 1777.
1186 2960 1244 3018 701.
1263 2961 1298 3018 11.
1321 2959 1396 3032 Epp.
1416 2970 1447 3020 01

514 3152 534 3190 ⁴*
577 3155 656 3209 Idem
673 3173 749 3228 opat.
777 3155 805 3216 4.
848 3110 850 3114 γ

514 3238 533 3277 ⁴*
576 3239 895 3318 manopera.
916 3241 991 3304 Oarr.
1022 3243 1112 3305 1776.
1141 3245 1169 3307 8.

361 3352 502 3424 [Synopsis
520 3369 577 3410 err.
596 3354 736 3426 Matthaei,
754 3357 842 3412 Marci
859 3364 887 3414 et
905 3358 1015 3430 Lucae]

293 3507 386 3589 Quae
408 3524 474 3574 non
496 3517 575 3575 sunt
592 3518 730 3594 quatuor
747 3513 907 3579 editiones
924 3512 1075 3582 diversae
1092 3516 1149 3582 sed
1166 3537 1234 3582 000
1249 3517 1445 3604 cademque,

205 3595 268 3660 hac
289 3597 611 3680 tamen'exceptione
633 3600 718 3664 facta
739 3609 776 3663 ut
793 3601 857 3664 tria
874 3600 984 3681 priora
1001 3603 1170 3686 evangelia
1188 3603 1238 3669 bis
1256 3612 1291 3669 et
1307 3603 1444 3674 diverso

203 3678 300 3746 modo
321 3681 410 3766 typis
432 3684 597 3767 exscripta
618 3685 693 3763 sint,
716 3685 860 3767 primum
880 3688 1049 3770 synoptico
1071 3690 1170 3773 (1774
1183 3696 1218 3754 01
1236 3711 1322 3756 noro
1344 3694 1444 3761 titulo

208 3769 314 3845 1776),
341 3778 418 3832 tum
442 3769 611 3853 sigillatim
641 3774 771 3854 (1777),
801 3781 929 3837 caetera
954 3775 1075 3853 omnia,
1110 3781 1205 3859 01000
1230 3775 1312 3842 adeo
1340 3778 1445 3846 etiam

205 3853 348 3920 Ioannes
369 3861 403 3919 et
424 3865 513 3934 0010,
545 3856 646 3920 semel
674 3863 805 3922 tantum
827 3860 956 3942 (1775),
984 3861 1135 3942 quamvis
1162 3861 1196 3926 id
1222 3884 1288 3928 non
1317 3863 1444 3932 diserte

204 3939 375 4005 indicetur.
419 3941 600 4023 Exemplar
628 3963 739 4007 mcum
766 3943 827 4009 sub
856 3944 896 4009 N.
921 3949 940 4008 2
968 3945 1140 4011 laudatum
1167 3948 1243 4012 olim
1272 3950 1311 4014 Ε.
1335 3950 1375 4016 Il.
1402 3950 1443 4018 Ο.

204 4025 447 4091 Rosenmiilleri
475 4027 591 4092 fuerat.
642 4029 740 4108 Quod
769 4051 846 4094 voro
872 4029 991 4096 forma
1007 4035 1216 4115 quaternaria
1244 4056 1444 4120 expressum

205 4111 317 4178 notavi
339 4112 372 4176 id
394 4112 464 4178 sola
485 4113 618 4178 chartae
640 4115 856 4198 amplitudine
879 4118 919 4182 ab
942 4118 1045 4182 altero
1068 4118 1288 4204 distinguitur.

291 4199 412 4263 Textui
433 4199 519 4264 binis
543 4200 584 4276 (si
607 4203 762 4285 synopsin
784 4203 967 4285 exceperis)
989 4205 1153 4271 columnis
1182 4214 1317 4273 exarato
1337 4230 1445 4293 appa-

204 4292 294 4350 ratus
314 4286 394 4349 00110
415 4286 553 4368 amplus,
575 4295 772 4352 nontamen
794 4289 930 4371 integer,
952 4290 988 4353 10
1011 4291 1159 4373 margine
1185 4293 1334 4359 inferiori
1361 4297 1444 4363 sub·

204 4371 322 4438 licitur.
366 4371 460 4436 Inter
481 4380 659 4455 utrumque
680 4374 789 4439 media
809 4375 845 4439 in
867 4376 988 4459 pagina
1009 4386 1168 4442 notantur
1187 4386 1259 4445 tum
1280 4380 1444 4450 lectiones

206 4457 360 4542 vulgatae
388 4458 504 4540 quibus
532 4459 643 4525 eiectis
671 4459 776 4526 editor
808 4461 959 4527 meliores
991 4462 1235 4549 minoribusque
1259 4467 1444 4552 10010,οκ-

206 4544 344 4628 scriptas
372 4544 481 4609 textui
507 4544 663 4625 inseruit,
697 4553 769 4611 tum
802 4547 884 4612 01100
910 4549 985 4631 plus
1018 4551 1128 4615 minus
1161 4553 1444 4622 commendandae

202 4648 284 4711 0000
312 4638 424 4695 tamen
452 4629 597 4716 vulgatis
624 4633 788 4714 praeferre
815 4653 881 4697 nen
914 4652 1017 4699 00000
1043 4643 1107 4714 est,
1140 4654 1264 4721 000000
1288 4658 1353 4724 pre
1379 4662 1445 4710 000
