3000 5024
691 1403 809 1461 CAPUT
827 1403 929 1460 XXVI.

475 1538 1133 1679 111110111111111.
1254 1673 1258 1682 .

276 1885 327 1951 Ne
349 1883 426 1968 quid
449 1885 483 1948 in
505 1883 651 1968 catalogo
678 1905 750 1948 meo
779 1883 989 1964 desideretur,
1018 1884 1152 1951 subiicio
1176 1884 1229 1950 hic
1257 1887 1429 1970 pauciores

190 1972 313 2049 titulos,
343 1972 409 2035 imo
434 1970 656 2055 paucissimos,
683 1990 702 2034 1
724 1969 958 2054 bibliographis
988 1969 1118 2051 quidem
1140 1979 1347 2051 memoratos,
1371 1971 1429 2039 sed

191 2055 231 2123 de
260 2057 377 2140 quibus
410 2056 491 2123 certi
520 2055 602 2120 1111111
635 2056 814 2141 comperire
847 2056 947 2138 potui.
993 2054 1086 2136 Quos
1118 2057 1205 2123 inter
1234 2060 1365 2140 spurios
1396 2067 1430 2124 11

191 2143 429 2210 commentitios
451 2143 573 2207 referre
595 2162 654 2225 pro
677 2149 822 2225 tempore
849 2163 915 2206 non
938 2141 1053 2220 ausim,
1083 2143 1170 2226 ipsos
1191 2151 1302 2209 tamen
1326 2143 1430 2210 libros

191 2250 307 2296 revera
332 2230 410 2294 olim
441 2229 606 2294 exstitisse
634 2248 701 2292 non
733 2228 838 2312 magis
872 2227 1116 2307 affirmaverim,
1150 2228 1204 2296 vel
1236 2229 1354 2296 saltem
1389 2230 1430 2296 de

191 2324 285 2382 textu
305 2314 383 2399 quid
405 2314 511 2381 dicam
533 2335 599 2380 non
623 2314 734 2380 habeo.
1374 2336 1380 2360 .

503 2562 529 2620 1.
550 2558 693 2617 BURGIS
711 2561 934 2617 Araccacmiuaa.
957 2558 1046 2619 1581.
1062 2560 1119 2628 sol.

277 2708 388 2775 Biblia
409 2708 450 2774 V.
474 2710 512 2774 Τ.
536 2709 688 2776 11111111
715 2715 748 2773 11
768 2709 810 2775 Ν.
834 2712 870 2775 Τ,
901 2729 1019 2794 graeca
1046 2730 1120 2774 cum
1149 2709 1303 2776 versione
1326 2711 1430 2778 Ariee

191 2798 344 2863 Montani
366 2815 407 2860 ex
430 2794 572 2860 editione
593 2795 808 2860 Plautiniana
836 2795 1005 2878 descripta.
1051 2796 1161 2862 Pauca
1183 2796 1223 2862 ds
1244 2797 1306 2864 hoo
1329 2817 1431 2882 opere

64 2901 66 2905 ’
191 2883 227 2948 in
256 2883 309 2949 his
334 2883 431 2948 terris
459 2881 626 2965 incognito
655 2881 824 2947 Maschius
851 2903 893 2947 ex
916 2883 965 2947 Le
986 2881 1116 2965 Longio
1145 2881 1274 2948 notavit
1300 2905 1330 2966 p.
1359 2889 1430 2950 154.

194 2973 265 3049 ata,
280 2967 447 3034 Calmetus
466 2967 501 3031 in
512 2967 719 3033 Bibliotheca
736 2988 796 3032 1111
812 2968 930 3034 1111111
951 2967 1031 3032 ada.
1047 2971 1126 3029 1585
1146 2969 1253 3035 refert.
1287 2969 1431 3036 Praeter

192 3055 459 3137 Oomplutensem
482 3052 657 3119 editionem
680 3054 761 3120 haec
789 3062 839 3118 est
867 3054 936 3120 sola
964 3052 1134 3137 hispanica
1160 3053 1254 3120 cuius
1275 3056 1367 3121 fame
1388 3056 1431 3122 ad

192 3163 252 3206 nos
275 3141 432 3226 pervenit.
475 3140 646 3223 Nusquam
673 3161 743 3205 eam
773 3140 849 3220 vidi,
880 3148 913 3205 et
940 3139 968 3205 si
994 3141 1066 3222 quis
1092 3147 1276 3222 suspectam
1305 3141 1431 3208 habere

192 3227 343 3306 voluerit,
366 3227 457 3309 quasi
479 3227 587 3309 ipsum
609 3226 709 3291 fuerit
729 3225 908 3309 Belgarum
937 3247 1027 3308 opus,
1050 3225 1174 3290 scilicet
1193 3233 1304 3292 tomus
1327 3227 1431 3294 Plan·

192 3314 337 3378 tinianus
364 3332 392 3377 a.
424 3314 500 3374 1571
529 3312 636 3376 editus
667 3332 752 3378 novo
779 3312 875 3376 titulo
909 3318 1044 3377 ornatus
1066 3310 1217 3394 equidem
1239 3333 1306 3378 non
1329 3313 1431 3380 valde

192 3399 370 3465 abnuerim.

470 3628 496 3691 1.
521 3627 705 3690 GENEVAE
728 3631 850 3706 apiae.
869 3627 956 3691 Stocr.
984 3628 1073 3691 1588.
1093 3627 1145 3698 fol.

279 3777 332 3848 De
361 3778 423 3848 hac
453 3779 594 3847 editione
615 3780 786 3848 Meschius
817 3803 846 3864 p.
878 3787 937 3845 313
967 3782 1046 3848 talia
1077 3781 1186 3861 refert,
1220 3782 1330 3848 nescio
1365 3803 1430 3868 quo

193 3875 276 3933 teste
298 3873 390 3948 (nam
412 3867 561 3952 Longius
584 3888 657 3934 eam
679 3869 714 3931 in
735 3866 844 3933 indice
866 3865 994 3934 silentio
1017 3868 1186 3952 praeterit)
1210 3868 1329 3951 quibus
1352 3889 1430 3954 apo·

193 3953 342 4040 graphon
364 3953 513 4019 Bezanae
534 3954 579 4019 II.
604 3953 735 4018 maioris
758 3975 830 4018 cam
853 3954 952 4020 fuisse
975 3955 1127 4039 colligere
1148 3955 1260 4039 possis.
1301 3954 1430 4022 Verum

193 4048 263 4108 tam
294 4040 418 4125 grando
450 4062 531 4123 opus
563 4040 728 4117 Generae,
769 4041 839 4122 ipso
871 4040 959 4106 Bcza
991 4048 1161 4124 praesente
1191 4048 1225 4105 11
1258 4039 1430 4125 Stephano

193 4133 285 4205 teste,
309 4127 350 4192 ab
372 4126 436 4191 alio
464 4126 673 4212 typographo
699 4126 814 4190 furtim
841 4146 993 4192 recusum
1020 4129 1121 4194 fuisse
1148 4127 1205 4192 vix
1233 4146 1271 4194 11
1298 4150 1343 4193 ne
1371 4128 1429 4194 vix

194 4212 324 4297 quidem
352 4213 433 4277 mihi
460 4213 649 4298 persuadeo.
701 4209 852 4294 Suspicio
885 4212 967 4277 mihi
999 4215 1099 4293 venit,
1128 4234 1199 4279 csse
1227 4212 1429 4296 ipsissimam

193 4300 300 4365 Besae
322 4300 460 4380 tertiam,
483 4322 503 4365 a
523 4299 698 4382 bibliopola
720 4318 804 4365 novo
826 4297 930 4377 titulo,
949 4306 983 4365 et
1004 4320 1062 4366 suo
1080 4299 1211 4365 nomine
1229 4296 1427 4379 distinctam,

193 4385 280 4471 quod
302 4393 334 4452 11
355 4386 390 4451 in
413 4387 484 4452 aliis
506 4385 654 4452 eiusdem
676 4383 740 4450 loci
765 4390 799 4447 et
825 4383 969 4451 familiae
990 4385 1081 4452 libris
1103 4386 1255 4453 vidimus.
1301 4385 1427 4454 Verum

195 4473 293 4538 etiam
327 4473 361 4537 in
384 4472 521 4538 Moschii
556 4472 675 4537 notitia
708 4491 800 4537 error
832 4470 949 4553 aliquis
978 4471 1079 4538 latere
1106 4479 1221 4557 potest.
1267 4471 1367 4541 01111
1392 4473 1426 4538 iu

186 4559 283 4632 111111
305 4569 414 4628 exstat
435 4558 628 4628 bibliotheca
650 4580 691 4626 111
713 4557 864 4644 plurimis
887 4579 968 4642 quas
989 4557 1167 4642 exploravi.
