3000 5024
705 225 824 285 CAPUT
845 226 963 284 XXVII.
1074 216 1079 231 '

463 454 468 459 ’
543 493 590 553 15.
614 491 796 551 ananum
817 478 1000 554 narsen.
1029 490 1077 554 12.

272 627 396 707 Editio,
430 626 540 711 inquit
571 627 743 693 Meschius
774 649 805 710 p.
841 631 912 704 301,
944 626 1038 694 cuius
1072 624 1265 692 exsistentia
1295 647 1429 692 annun-

186 717 292 783 ciatur
313 713 371 780 551
399 736 482 796 quae
509 711 610 779 oculis
635 713 717 778 meis
744 714 792 778 ita
817 734 888 778 sese
911 713 1070 779 subduxit
1099 718 1138 778 ut
1169 712 1328 796 indagare
1360 734 1429 779 non

184 802 356 886 potuerim.
402 799 517 880 Quum
548 821 590 864 ne
622 800 758 864 unicum
788 797 921 882 quidem
954 807 1072 864 testem
1105 798 1265 883 producat
1291 806 1327 863 et
1355 800 1428 882 ipse

184 889 256 954 eius
282 907 445 970 nusquam
472 886 577 950 ullum
606 885 784 970 vestigium
807 884 1089 969 deprehenderim,
1116 906 1185 952 non
1210 884 1325 952 dubito
1346 888 1429 970 quin

184 975 272 1042 inter
293 973 422 1058 spurias
444 971 618 1039 referenda
640 972 691 1038 sit

381 1203 428 1263 16.
450 1200 654 1260 adamnan.
680 1199 769 1260 1564.
792 1199 821 1261 8.
843 1218 941 1274 praece
956 1220 1003 1276 ep.
1021 1202 1227 1273 1155559555.

272 1337 327 1401 15
354 1336 527 1403 mesenus
554 1357 585 1418 p.
616 1336 677 1395 110
706 1357 749 1400 ex
778 1312 937 1419 catalogo
958 1334 1176 1407 bibliothecae
1203 1335 1429 1420 saumgara

186 1423 314 1488 nianae.
360 1421 427 1488 Sed
449 1429 501 1488 est
526 1420 762 1505 graeco-latina
783 1420 824 1485 ab
855 1422 927 1504 ipso
949 1421 978 1487 b.
1011 1442 1198 1505 possessore
1220 1421 1359 1509 (Nachr.
1381 1421 1428 1488 ΙΙ.

187 1507 263 1595 479)
284 1508 434 1592 pluribus
456 1506 627 1590 descripta.

383 1732 618 1795 lamellas.
646 1733 735 1796 1564.
761 1735 788 1796 5.
812 1735 1012 1807 metuam
1028 1753 1074 1810 ep.
1098 1735 1232 1807 55555

271 1868 369 1935 Η555
397 1890 439 1934 ex
460 1868 511 1934 Le
532 1870 662 1952 Longio
691 1868 792 1935 sumit
818 1868 987 1934 Meschius
1014 1891 1045 1953 p.
1074 1873 1145 1949 300,
1167 1867 1311 1934 mediam
1339 1867 1430 1935 inter

186 1954 269 2022 duas
302 1952 448 2020 eiusdem
477 1955 677 2040 typographi
710 1955 806 2021 annis
837 1960 917 2017 1563
949 1964 983 2021 55
1012 1960 1092 2019 1565
1121 1954 1225 2022 editas
1252 1954 1428 2024 collocans.

186 2040 255 2108 Sed
277 2040 364 2125 apud
392 2048 536 2106 caeteros
558 2042 756 2107 altissimum
784 2041 825 2106 15
852 2063 892 2108 55
918 2041 1096 2107 silentium.
1140 2043 1211 2108 Aut
1231 2042 1313 2109 latet
1334 2063 1430 2108 error

186 2128 221 2193 in
242 2135 323 2194 nota
345 2129 424 2193 anni
446 2133 504 2192 aut
521 2127 630 2212 agitur
652 2126 693 2192 15
715 2126 856 2194 editione
878 2150 968 2195 mere
989 2149 1114 2215 graeca

413 2372 461 2432 18.
505 2371 779 2432 5555555555.
811 2373 902 2436 1564.
929 2372 979 2436 51,
1010 2392 1056 2448 ep.
1073 2375 1200 2432 55555

272 2507 439 2572 Recenset
471 2507 522 2571 Le
550 2505 698 2590 Longius
731 2529 761 2590 p.
793 2510 850 2569 211
888 2508 960 2574 sine
992 2508 1060 2574 ullo
1091 2515 1186 2574 55555.
1238 2506 1429 2577 Addubitat

187 2592 355 2660 Masohius
377 2614 407 2677 p.
425 2597 492 2657 191.
522 2592 585 2657 Vir
607 2591 720 2658 doctus
742 2594 800 2675 qui
817 2595 1013 2677 conscripsit
1030 2595 1166 2661 annales
1187 2595 1429 2679 typographiae

187 2679 434 2757 Plautinianae,
464 2678 567 2743 diario
595 2680 650 2761 qui
678 2680 868 2746 inscribitur
896 2680 1041 2748 Butram
1069 2682 1114 2747 15
1140 2681 1314 2764 5155555515
1342 2683 1428 2769 helpe

186 2787 292 2849 nuper
314 2767 464 2846 insertos,
488 2765 572 2830 hane
594 2764 771 2832 editionem
798 2788 863 2831 non
885 2766 951 2832 5151
973 2788 1016 2832 ex
1037 2767 1094 2832 illo
1123 2768 1221 2835 unico
1250 2773 1368 2836 autare
1390 2792 1427 2838 se

186 2873 282 2920 nosse
301 2851 434 2918 fatetur.
479 2850 519 2919 Si
541 2851 620 2935 quid
641 2851 736 2918 video
757 2851 936 2938 legendum
957 2861 1008 2919 est
1033 2857 1123 2920 1574.

434 3097 482 3158 15.
526 3053 701 3155 remane.
735 3097 824 3160 1565.
851 3099 903 3166 ar.
932 3117 978 3172 ap.
996 3099 1174 3172 5555555.

271 3231 314 3296 15
341 3230 500 3314 catalogis
527 3230 746 3313 plurimarum
777 3230 1048 3298 bibliothecarum
1082 3232 1242 3300 editiones
1270 3234 1429 3303 Bezanae

188 3317 343 3384 Generae
378 3337 427 3400 ap.
457 3316 501 3381 H.
530 3315 740 3406 Stephanum
768 3338 922 3400 excusae,
956 3319 1014 3385 sed
1043 3318 1150 3402 quoad
1182 3341 1304 3386 nomen
1331 3323 1428 3390 urbis

187 3402 346 3483 ἀνώνυμοι,
364 3403 547 3469 Ρ551515551
558 3403 706 3468 51151555
725 3402 926 3484 tribuuntur,
946 3406 1022 3487 quia
1034 3403 1283 3489 Stephanorum
1301 3429 1428 3475 nomen

187 3489 224 3552 in
245 3489 415 3553 hominum
428 3490 585 3555 memoria
605 3489 701 3555 facile
722 3511 797 3554 cum
818 3492 952 3556 nomino
969 3492 1040 3558 eius
1057 3491 1150 3558 urbis
1167 3493 1429 3574 oonsooiabatm,

189 3596 230 3640 ex
252 3595 316 3656 qua
338 3574 430 3640 51155
450 3575 583 3640 illorum
605 3575 750 3657 primum
772 3577 842 3642 orbi
865 3577 995 3644 literato
1017 3576 1204 3645 adfulserat.
1239 3578 1308 3647 Sed
1331 3582 1428 3649 Hen-

188 3660 277 3727 ricus
298 3659 377 3725 inde
399 3662 439 3727 ab
462 3681 489 3727 a.
506 3666 584 3723 1551
602 3662 758 3727 Genevae
780 3661 919 3747 degebat
940 3664 1097 3760 supmque
1115 3665 1290 3734 exercebat
1306 3677 1427 3751 artem,

188 3768 310 3813 nomen
330 3747 394 3814 loci
415 3748 451 3812 15
473 3747 578 3814 5155115
599 3755 709 3814 tacere
731 3748 854 3816 solitus.
1218 3792 1222 3799 ·

421 3975 470 4037 20.
514 3976 787 4037 ANTWERPIAE.
820 3976 910 4040 1566.
942 3978 971 4040 8.
999 3980 1189 4052 opPlenttn.

274 4110 316 4175 In
337 4109 492 4195 catalogis
519 4109 735 4178 bibliothecae
764 4131 933 4178 caesareae
955 4112 1221 4183 Vindobonensis
1247 4124 1282 4183 et
1306 4119 1427 4187 biblio-

189 4198 307 4262 thecae
327 4196 593 4280 Hamburgensis
616 4206 826 4263 recensentur
848 4198 949 4265 biblia
970 4199 1125 4267 hebraica
1145 4208 1180 4268 et
1200 4224 1318 4287 graeca
1330 4205 1373 4273 V.
1393 4215 1427 4274 et

114 4310 117 4315 ·
187 4283 229 4348 N.
254 4283 289 4347 Τ.
312 4282 527 4349 Ρ1555151555
549 4282 611 4349 hoo
634 4306 720 4349 anno
743 4283 840 4349 edita.
884 4286 936 4351 Re
965 4287 1149 4353 accuratius
1169 4291 1375 4374 examinata,
1406 4317 1425 4360 a

188 4390 242 4434 me
263 4369 333 4453 ipso
352 4368 547 4453 Hamburgi,
569 4370 784 4436 Vindobonae
805 4392 884 4438 vero
906 4373 978 4438 aV.
992 4372 1041 4438 01.
1054 4373 1174 4440 Oarolo
1186 4374 1310 4444 Ottone
1331 4379 1424 4447 theo-

187 4454 295 4538 logiae
316 4455 506 4539 professore,
528 4457 637 4540 patuit
646 4458 688 4523 V.
702 4458 738 4522 Τ.
756 4456 952 4524 ‘hebraicum
964 4481 1001 4539 a.
1028 4464 1109 4523 1566
1132 4483 1295 4530 excusum
1311 4465 1423 4546 fuisse,

188 4541 240 4607 cui
262 4548 374 4624 postea
385 4542 425 4606 N.
440 4544 475 4607 Τ.
499 4563 654 4626 graecum
677 4543 824 4609 eiusdem
846 4545 969 4612 formae
991 4553 1024 4612 et
1046 4548 1196 4617 officinae
1218 4549 1277 4616 sed
1298 4559 1422 4638 septem

175 4628 279 4695 anm's
298 4628 466 4698 recentius
487 4628 566 4697 addi
587 4629 718 4697 solebat.
