3000 5024
212 242 253 305 34
744 232 913 290 carurn
1422 230 1447 287 u

210 406 425 494 Exemplaria
446 405 577 491 integra
598 406 699 472 huius
717 405 870 472 editionis
888 406 1014 473 rariora
1031 411 1120 473 sunt.
1151 404 1228 489 Ipse
1246 399 1313 470 tria
1330 409 1448 472 nactus

210 520 285 565 sum
306 516 447 581 quorum
464 515 568 558 unum
585 499 715 559 tantum
735 492 887 559 omnibus
903 493 1052 576 partibus
1070 492 1255 559 absolutum
1274 497 1340 573 est3
1363 491 1447 558 alte-

212 606 286 651 rum
310 582 460 649 subsistit
486 581 520 644 in
549 582 615 646 fine
637 582 798 660 Actuum,
827 579 963 645 tertium
985 579 1091 646 tribus
1119 577 1343 646 voluminibus
1369 599 1447 644 con·

213 677 305 737 stans
326 688 392 734 uon
421 667 507 731 ultra
529 667 591 751 Ep.
621 667 663 732 ad
684 667 894 734 Oolossenses
920 667 1139 752 progreditur.
1185 666 1306 731 ramus
1328 686 1447 731 secun·

209 756 272 823 dus
294 756 397 821 abfuit
419 774 546 836 quoquc
569 773 589 817 a
611 753 777 819 Goeaiano
800 755 846 839 (p.
870 753 936 837 41).
989 752 1219 837 Stuttgardiae
1241 759 1275 817 ct
1295 749 1449 818 Dresdae

209 844 339 928 integra
352 846 573 907 asservantur.
600 840 741 905 'Peritum
760 839 961 925 praecedunt
973 846 1133 906 tractatus
1151 837 1215 904 duc
1227 838 1346 922 graeci,
1365 838 1450 904 alter

209 927 439 1014 chrysostomi
462 923 624 1007 ὖπόμνημα
646 928 689 1001 εἰς
709 925 743 989 τὸ
764 924 947 1008 εὐαγγέλιον,
970 926 1054 992 alter
1076 926 1229 1011 Gregorii
1246 924 1449 992 Nazianzeni

206 1034 245 1080 πε
267 1020 279 1078 l
300 1015 373 1079 θεότ
394 1035 450 1085 τος.

246 1039 264 1102 Q
294 1040 453 1184 Sequitur
474 1097 689 1164 Bebelianam
711 1099 853 1178 tertiam,
876 1099 1082 1183 paucissimis
1104 1099 1183 1165 locis
1205 1096 1352 1183 exceptis
1374 1097 1447 1165 scil.

207 1188 288 1254 Luc.
321 1194 375 1268 19,
405 1189 455 1249 23.
487 1183 538 1270 (S.
570 1183 646 1269 323)
675 1206 738 1250 om.
767 1185 944 1250 articulum
973 1193 1006 1250 et
1038 1192 1062 1250 l.
1087 1185 1171 1250 Tim.
1195 1188 1229 1265 5,
1257 1188 1308 1250 21.
1337 1181 1446 1270 (aid.)

206 1275 318 1342 scribit
339 1273 521 1361 πρόσκλησιν
543 1271 630 1354 quod
652 1278 827 1355 utrumque
849 1294 891 1338 ex
914 1271 1100 1357 Oephalaec
1123 1272 1209 1339 sumi
1228 1277 1367 1355 poterat

416 1483 490 1541 rar
533 1481 727 1541 arsuras
744 1503 790 1557 ap.
811 1486 878 1541 rao.
895 1486 1050 1542 raama.
1080 1484 1170 1542 raas.
1197 1476 1228 1542 's

219 1619 226 1625 ·
289 1599 423 1664 Eminet
456 1599 545 1664 inter
581 1599 740 1666 doctiores
768 1600 857 1666 illius
891 1600 1014 1666 saeculi
1048 1599 1270 1687 typographos
1296 1598 1444 1664 'l'homas

204 1687 266 1752 iste
288 1693 322 1750 ot
343 1686 394 1750 sui
416 1686 609 1751 memoriam
635 1686 722 1771 apud
743 1699 891 1770 posteros
913 1687 1048 1753 interire
1071 1709 1136 1752 non
1157 1708 1274 1769 passus
1295 1692 1347 1751 cst
1367 1705 1444 1768 per-

205 1773 334 1856 scriptis
346 1771 569 1856 singularibus
588 1774 657 1838 suis
675 1773 750 1838 fatis
768 1774 804 1837 in
815 1774 897 1839 librc
917 1773 1003 1840 lectu
1021 1773 1256 1840 iucundissimo
1274 1778 1309 1837 et
1328 1793 1444 1837 rerum

205 1859 464 1926 academicarum
493 1859 581 1923 illius
610 1860 728 1924 aetatis
761 1861 897 1925 curiosis
923 1860 1066 1944 perutili.
1117 1861 1183 1924 Tor
1209 1858 1311 1924 edidit
1337 1858 1379 1924 N.
1404 1858 1442 1922 Τ.

205 1968 321 2030 graece
348 1945 388 2010 de
417 1965 482 2027 quo
510 1945 587 2010 vide
609 1945 799 2011 Maschium
829 1968 904 2031 pag.
933 1950 1011 2024 200,
1039 1945 1290 2030 Baumgartcnii
1316 1944 1442 2011 Nachr.

204 2032 302 2097 VIII.
328 2037 376 2097 10.
417 2029 589 2098 Editiones
611 2033 820 2098 Platorianae
842 2032 1031 2098 Bebelianis
1053 2033 1152 2098 etiam
1174 2038 1314 2098 externa
1335 2031 1444 2097 forma

205 2119 406 2198 simillimac;
441 2117 574 2183 eaedem
607 2118 643 2185 in
671 2120 778 2184 fronte
807 2119 1086 2203 evangelistarum
1117 2119 1292 2204 imagines,
1326 2116 1470 2184 eadem.

205 2204 452 2289 Oecolampadii
474 2203 515 2270 ad
537 2205 692 2270 lectorem
715 2204 902 2271 admonitio.
947 2207 1072 2271 Textus
1090 2227 1156 2270 non
1173 2205 1238 2271 nisi
1265 2204 1444 2272 levissimis

205 2291 400 2374 quibusdam
430 2289 716 2356 emendationibus
743 2291 798 2356 vel
828 2293 927 2358 etiam
955 2293 1045 2358 vitiis
1075 2313 1095 2356 a
1122 2291 1302 2358 Bebeliano
1329 2291 1443 2358 differt

204 2377 310 2460 qualis
333 2377 432 2442 tertia
453 2379 524 2443 vice
547 2376 655 2444 editus
676 2378 795 2444 fuerat.
829 2380 859 2442 Ε
882 2379 1001 2462 quibus
1024 2378 1066 2444 ad
1086 2387 1199 2445 nostra
1219 2379 1389 2462 pertinent
1406 2378 1442 2443 in

205 2463 270 2529 hac
298 2465 405 2548 prima
434 2462 575 2528 editions
603 2464 721 2528 Matth.
753 2470 786 2544 7,
810 2468 839 2528 2.
867 2465 1081 2552 perpatimur
1108 2464 1160 2550 (P.
1176 2465 1264 2552 264)
1271 2489 1280 2547 ;
1314 2470 1341 2531 l.
1365 2463 1441 2530 (lor.

207 2553 256 2631 13,
281 2554 309 2615 3.
333 2549 525 2631 καυθήσομαι
548 2550 711 2634 (Gerbel.)
740 2557 772 2614 et
794 2552 876 2617 Luc.
900 2557 929 2632 2,
956 2557 1003 2617 14.
1027 2553 1077 2637 (Τ.
1103 2556 1179 2631 328)
1208 2556 1240 2615 ἐν
1260 2549 1443 2638 ἀνθρώποις

204 2658 245 2702 ex
267 2636 400 2702 Erasini
421 2643 587 2720 postrema
609 2638 838 2722 recognitione.

404 2829 478 2887 ras
520 2829 715 2888 ananum
732 2850 778 2904 aa.
800 2796 892 2888 raom‘.
910 2833 1065 2890 ruem.
1098 2833 1186 2922 raro.
1200 2881 1203 2886 .
1218 2833 1246 2891 s.

290 2948 344 3012 Ex
365 2947 471 3011 tribus
494 2946 573 3012 locis
593 2947 689 3011 modo
712 2947 856 3013 laudatis
879 2970 945 3013 non
966 2950 1032 3014 nisi
1049 2970 1154 3013 unum
1177 2949 1374 3030 (l.(lor.13,
1395 2949 1441 3033 3.)

204 3034 286 3100 haec
308 3033 451 3099 secunda
473 3053 546 3097 cum
570 3035 679 3116 priore
699 3055 907 3100 communem
925 3034 1034 3115 habet,
1057 3036 1246 3100 incaeteris
1265 3035 1442 3110 Bebelium

203 3122 359 3205 sequitur.
413 3119 522 3200 Quem
555 3129 666 3185 tamen
697 3141 756 3203 pro
787 3123 927 3199 Erasmo
961 3122 1083 3188 deserit
1116 3123 1221 3186 tribus
1255 3121 1328 3187 aliis
1361 3122 1442 3188 locis

204 3208 510 3377 (BeblreiIionbius
534 3300 623 3357 errat
644 3292 730 3357 hanc
749 3292 926 3359 editionem
944 3293 1216 3378 graeco-latinam
1235 3293 1359 3375 dicens,
1382 3292 1442 3359 sed

96 3375 98 3379 ’
202 3379 366 3445 immerito
389 3379 531 3444 eundem
553 3379 765 3462 reprehendit
786 3380 955 3445 Moschius
986 3401 1023 3446 eo
1051 3382 1185 3446 nomine
1216 3379 1303 3464 quod
1331 3383 1440 3466 suspi-

202 3473 293 3532 catus
315 3465 416 3530 fuerit
437 3466 684 3548 hancfortasso
707 3474 803 3547 atque
824 3467 967 3550 priorem
990 3469 1070 3532 anni
1092 3473 1172 3532 1:338
1196 3466 1335 3533 eandem
1358 3488 1439 3547 esse,

200 3573 268 3618 non
295 3573 375 3619 vero
405 3551 487 3616 duas
521 3551 676 3619 diversas.
728 3553 971 3636 Argumentum
1005 3554 1205 3620 diversitatis
1233 3553 1341 3620 adfert
1368 3555 1440 3638 ipso

203 3660 380 3704 numerum
406 3637 559 3702 foliorum
587 3659 683 3720 quem
712 3639 878 3721 inpriore
907 3643 983 3717 325,
1011 3642 1047 3704 in
1074 3641 1251 3723 posteriore
1275 3643 1337 3704 382
1367 3661 1440 3706 esse

200 3726 352 3791 affirmat.
415 3724 533 3789 Nescio
562 3745 646 3807 quae
678 3725 799 3789 nebula
832 3724 897 3791 viri
937 3726 1022 3792 docti
1054 3726 1157 3792 oculis
1190 3727 1306 3792 obfusa
1339 3725 1440 3792 fuerit

204 3832 304 3895 quum
326 3812 408 3877 haec
429 3811 596 3876 scriberet.
630 3808 723 3874 Idem
746 3811 834 3874 enim
857 3812 988 3894 utrique
1010 3834 1169 3878 numerus
1191 3814 1345 3878 foliorum
1365 3817 1438 3892 382,

201 3908 234 3963 et
261 3900 324 3964 nisi
353 3898 539 3965 accuratius
567 3897 752 3979 inspexeris
781 3897 840 3963 vix
867 3897 1004 3963 alteram
1032 3901 1072 3964 ab
1101 3900 1203 3965 altera
1232 3899 1439 3984 distinguere
1465 3951 1466 3954 .

199 3986 333 4068 poteris.

285 4070 479 4154 Exemplari
500 4091 573 4136 mec
594 4069 651 4135 cel.
674 4068 779 4134 Iosias
801 4067 964 4137 L'orckius
986 4077 1097 4155 pastor
1118 4071 1313 4139 Halniensis
1333 4092 1439 4140 manu

198 4160 331 4243 propria
353 4179 473 4223 nomen
496 4178 592 4224 suum
614 4155 791 4240 inscripsit.

245 4352 317 4410 15.s
360 4351 555 4410 asanais.
572 4373 617 4427 ap.
640 4354 734 4409 uam.
753 4353 900 4408 ratam
916 4353 1046 4431 arama
1062 4356 1098 4410 a.
1116 4355 1201 4411 aas.
1232 4353 1322 4411 1543.
1355 4354 1384 4413 c.

295 4439 315 4476 s
358 4439 552 4497 arensis
570 4461 615 4515 op.
637 4442 732 4498 rama
750 4441 897 4498 rama
914 4443 1043 4515 apua
1059 4444 1096 4498 a.
1114 4443 1198 4500 aaa.
1231 4440 1321 4497 1544.
1354 4441 1383 4499 a.

282 4554 359 4622 Una
376 4556 557 4640 eademque
581 4557 679 4624 editio
698 4578 798 4642 caque
816 4558 943 4623 Platcri
960 4558 1086 4622 ultima.
1120 4555 1336 4640 Exemplaria
1354 4576 1438 4641 quae

191 4643 230 4708 in
255 4642 390 4710 calcea.
417 4649 508 4709 1544·
522 4645 681 4712 exhibent
702 4666 779 4712 vere
802 4651 944 4727 exstant,
967 4645 1119 4730 quamvis
1139 4644 1311 4712 Maschius
1333 4643 1377 4709 de
1394 4643 1438 4711 iis
