3000 5024
188 249 248 312 162
716 245 835 305 CAPUT
851 245 913 305 ΧΠ.
946 282 949 288 -
1392 242 1421 299 X

185 438 309 485 novum
331 425 365 485 et
385 417 495 484 minus
516 414 694 501 pulchrum
724 438 800 484 oum
827 416 1056 500 inseriptione:
1083 414 1123 478 ‘H
1136 415 1221 496 καννν)
1241 416 1246 501 Ι
1266 412 1419 503 διαθήκη)

186 505 310 571 Nouum
333 505 561 571 Testamentum
580 505 586 588 Ι
603 505 689 588 typis
711 503 919 589 Samiramia}
952 512 1094 588 quatuor
1119 503 1222 570 lineis.
1273 500 1316 567 In
1342 522 1420 567 meo

184 598 294 657 tamen
316 591 498 673 exemplari
521 612 587 656 non
609 590 690 657 haee
710 591 820 675 imago
842 595 951 656 exstat
977 590 1036 655 sed
1058 611 1097 656 ea
1116 609 1216 672 quam
1236 607 1337 670 supra
1360 587 1419 653 de-

184 678 309 761 aeripsi.
354 677 522 743 Numerus
551 677 747 761 paginarum
774 683 826 742 est
855 679 926 741 524.
972 678 1096 743 Toxlus
1122 683 1239 759 quator
1267 695 1287 739 a
1313 673 1420 757 priori

183 774 345 839 mutatus,
373 762 424 829 bis
445 760 657 829 Elaeviriana
683 763 823 829 leotione
847 762 1001 829 restituta
1028 760 1074 841 (J.
1099 763 1170 827 616.
1190 760 1247 827 W.
1274 765 1338 840 10),
1367 759 1420 826 bis

183 847 386 946 saphania
408 849 456 933 (J.
482 852 551 915 rsa.
574 849 615 916 a.
641 852 727 930 aaa).

186 1083 274 1142 rosa
291 1085 688 1162 ravavuaopoaapaa
698 1086 856 1144 maaet.
874 1085 1233 1161 suarattaratae
1255 1084 1347 1145 uas.
1372 1056 1439 1147 ra.

268 1235 361 1303 Haeo
378 1256 516 1321 quoque,
538 1256 622 1320 quae
639 1235 789 1319 proxime
807 1234 932 1302 aooadit
949 1236 990 1303 ad
1013 1258 1085 1302 eam
1108 1258 1207 1320 quam
1228 1235 1291 1302 snb
1301 1234 1344 1302 N.
1361 1241 1418 1300 101

182 1323 408 1388 reoonauimus
440 1330 509 1388 tam
537 1320 644 1405 quoad
671 1328 769 1406 typos
802 1328 836 1387 at
867 1344 1042 1388 numerum
1073 1323 1284 1408 paginarum,
1320 1330 1418 1406 quam

181 1407 371 1492 praemissis
388 1409 425 1473 in
437 1408 532 1474 titulo
546 1407 661 1492 figuris
680 1407 807 1488 iisdem,
826 1407 925 1475 biblio
966 1410 1130 1492 aphorum
1147 1408 1296 1474 omnium
1308 1406 1417 1475 oeulos

182 1494 268 1579 fugit
289 1501 322 1560 et
342 1495 380 1560 in
401 1495 494 1560 nulla
515 1494 712 1560 bibliotheca
732 1500 864 1559 exstare
885 1494 920 1561 vi
943 1504 1024 1560 etur.
1058 1495 1101 1560 In
1118 1502 1213 1561 textu
1230 1494 1421 1578 peremnia

181 1602 257 1648 oum
290 1580 387 1647 modo
416 1581 551 1646 laudata
578 1580 735 1647 eonvenit
762 1581 908 1665 exeeptis
937 1581 1043 1648 tribus
1070 1581 1149 1647 loeis
1178 1581 1235 1647 ubi
1251 1582 1423 1649 laetiores

180 1666 333 1733 Benanae
360 1668 430 1734 sive
458 1666 567 1751 potius
589 1665 890 1749 neo-Stephanioae
917 1667 1121 1734 inducuntur
1147 1668 1192 1735 X.
1217 1672 1266 1733 49.
1292 1673 1342 1734 50.
1368 1671 1420 1733 56.

205 1904 298 1963 roa·
340 1902 504 1963 rnusvu
521 1920 555 1962 a
571 1911 677 1980 sapsa
694 1904 846 1963 amaea
865 1922 912 1979 ap.
933 1905 1196 1963 moereamus.
1226 1903 1318 1967 uas.
1351 1904 1403 1968 12.

269 2052 433 2122 Octavam
462 2056 549 2121 hano
574 2055 772 2123 Patavinam
804 2055 841 2120 in
873 2052 966 2120 nulla
998 2053 1130 2121 Galbae
1155 2062 1189 2121 et
1216 2054 1423 2123 Germaniae

182 2141 379 2209 bibliotheca
399 2150 560 2226 quantum
583 2141 734 2226 equidem
761 2142 881 2208 resoiro
908 2141 1003 2225 potui
1028 2136 1215 2208 exstantem
1242 2162 1350 2226 nuper
1380 2163 1423 2208 ex

182 2228 294 2312 Praga
315 2228 542 2294 Bohemorum
565 2228 677 2312 aooepi
696 2227 860 2311 prioribus
882 2226 1094 2307 simillimam,
1121 2227 1143 2294 i.
1167 2249 1194 2295 e.
1217 2248 1286 2293 non
1307 2228 1424 2295 minus

181 2314 311 2381 mendis
331 2314 511 2394 foedatam,
538 2333 598 2380 nee
619 2315 725 2399 magis
754 2335 774 2379 a
796 2313 885 2397 typis
912 2311 1121 2379 laudandam
1165 2313 1313 2399 Paginaa
1341 2322 1424 2380 sunt

183 2404 254 2466 564.
283 2398 449 2468 Convenit
466 2422 542 2468 oum
561 2400 770 2484 praeoedenti
786 2399 935 2483 exeeptis
951 2398 1158 2483 paueissimis
1175 2399 1256 2467 loeis
1274 2398 1421 2485 (Compi

181 2486 224 2552 D.
248 2491 298 2551 41.
321 2486 363 2552 R.
389 2490 449 2550 312
473 2495 507 2553 et
528 2486 585 2552 W.
609 2488 663 2565 63)
686 2506 770 2571 qnae
792 2489 902 2551 omnia
922 2483 964 2550 ad
985 2482 1103 2571 Steph.
1126 2484 1269 2571 primam
1289 2488 1422 2555 eonfor-

181 2578 272 2637 mata
293 2578 381 2639 sunt.

251 2763 346 2866 aa*
388 2764 560 2865 rauavu.
592 2761 987 2865 aasvaaeaneaaae
1004 2758 1150 2867 raama.
1183 2810 1273 2872 uae.
1306 2772 1357 2875 ia.

269 2960 333 3026 Est
353 2958 567 3044 apographon
588 2957 743 3024 editionis
770 2958 849 3023 anni
880 2961 978 3037 1789,
1008 2959 1157 3024 omnium
1184 2966 1344 3046 quotquot
1373 2964 1426 3028 in·

183 3047 277 3132 spexi
303 3044 508 3124 foedissima,
537 3045 744 3124 oorreotoris,
771 3045 803 3143 si
830 3044 904 3126 quis
929 3044 1047 3144 adfuit,
1080 3045 1210 3113 inomia
1236 3049 1426 3114 miserrime

184 3132 373 3218 depravata
417 3131 599 3214 Exemplar
620 3151 732 3197 meum
751 3150 798 3196 ers
821 3130 922 3214 Alpes
943 3152 1078 3197 umoum
1100 3152 1171 3198 esse
1193 3132 1337 3200 videtur.

351 3367 446 3428 ma*
488 3363 899 3443 rsuavuaopaapva
916 3367 1074 3429 meaa.
1109 3367 1198 3433 raro.
1229 3370 1257 3433 a.

271 3519 418 3603 Paginae
446 3524 527 3584 sunt
555 3521 626 3583 516.
675 3516 906 3585 Praemittitur
932 3525 1025 3599 πίναξ
1051 3518 1197 3586 looorum
1217 3519 1259 3589 V.
1289 3522 1326 3589 Τ.
1381 3524 1424 3593 In

186 3604 282 3672 titulo
302 3604 435 3689 insigne
455 3604 632 3670 Phoenicis
661 3624 736 3669 oum
763 3602 893 3691 adagio:
930 3604 1007 3671 Post
1025 3604 1096 3695 sata
1116 3627 1252 3691 resurae.
1296 3608 1425 3679 {lexeos

186 3690 369 3778 paullulum
387 3710 407 3754 a
424 3689 694 3773 praesedentibua
712 3687 862 3758 diversus
879 3692 1029 3775 proxime
1045 3690 1170 3759 aeoedit
1185 3692 1227 3759 ad
1243 3690 1426 3779 editionem

188 3777 268 3844 anni
294 3781 373 3877 1746
404 3777 496 3842 ouius
523 3798 638 3843 omnes
666 3775 824 3843 lectiones
851 3774 995 3857 exhibet,
1010 3774 1119 3863 supra
1139 3788 1336 3849 memoratas
1366 3805 1425 3851 ax·

188 3871 291 4016 tlt}
309 3862 1426 4041 1111116111)ἶὸἷξαῖἒαὲαῗῗνῗὲἒῐὲἓὲῗαωέἓῖιῑᾶῗῗὲ

189 4037 305 4119 primis
324 4035 487 4102 Matthaei
517 4036 678 4119 eapitibus
707 4034 907 4100 exhibentur
932 4035 1093 4119 quaedam
1118 4038 1274 4106 leotiones
1302 4061 1322 4105 a
1349 4038 1426 4108 Ste'-

190 4122 301 4206 phano
323 4130 357 4187 et
378 4122 540 4188 Elzeviris
564 4122 689 4187 alienae
711 4121 827 4205 (Vign.
851 4121 928 4187 Ber.
950 4120 995 4188 X.
1020 4127 1069 4187 47.
1092 4125 1150 4190 Er.
1174 4126 1213 4190 A.
1239 4127 1289 4191 24.
1312 4126 1426 4194 Wolls

189 4207 233 4272 Y.
258 4209 313 4291 32)
335 4228 417 4290 quas
438 4208 524 4272 forte
546 4205 824 4273 Griesbaohianus
845 4206 964 4290 aliquis
984 4207 1070 4273 liber
1085 4210 1321 4294 suppeditavit,
1350 4224 1426 4281 tum

191 4293 363 4359 observavi
384 4293 571 4359 Erasmioas
591 4293 631 4357 P.
656 4294 726 4355 266.
750 4293 787 4357 u.
812 4293 883 4371 366,
905 4294 1072 4361 Baranam
1094 4294 1140 4363 X.
1165 4300 1219 4377 66,
1246 4298 1314 4365 imo
1335 4322 1427 4368 nova

191 4378 353 4463 quaedam
374 4385 408 4442 a
428 4376 576 4443 inaudita
597 4376 701 4444 Mare.
721 4381 749 4458 e,
776 4381 821 4445 16.
840 4370 927 4467 etta
942 4382 1030 4463 aaa,
1053 4370 1136 4457 aaa
1153 4380 1266 4471 ἠγέρθη
1285 4384 1340 4473 (A.
1357 4390 1428 4475 νο),

190 4469 263 4531 Aet
294 4467 344 4544 27,
369 4468 397 4528 8.
429 4463 575 4528 Θάλασσα
602 4485 662 4548 pro
683 4468 808 4529 Λασαία
829 4465 887 4550 (Θ.
911 4470 981 4547 66),
1009 4468 1110 4552 Apso.
1141 4474 1170 4551 7,
1203 4476 1250 4549 14,
1279 4492 1343 4553 om
1374 4478 1427 4541 ast

191 4547 345 4615 ἐλεύκαναν
363 4545 469 4623 στολὰς
486 4548 583 4615 αὐτῶν
601 4551 655 4635 (L.
669 4550 755 4635 256),
774 4551 836 4650 Ap.
853 4556 900 4632 14,
921 4556 949 4619 5.
967 4542 1095 4620 tedam
1111 4557 1164 4621 aa
1179 4558 1258 4625 θεοῦ
1266 4556 1324 4644 ·(J.
1338 4561 1427 4650 183).

192 4636 288 4721 Quae
308 4657 423 4705 annon
442 4658 534 4705 mera
554 4637 637 4706 vitia
658 4635 822 4704 seribend1
842 4637 910 4705 sint
929 4661 1032 4733 ponas
1053 4649 1087 4709 te
1107 4642 1268 4735 iudioiuni
1288 4650 1378 4735 asto.
