3000 5024
143 243 206 303 218
649 240 765 296 CAPUT
783 241 869 295 XVII.
1351 237 1380 285 Π

142 418 192 478 est
223 415 286 495 quo
323 432 342 475 a
374 414 523 495 plurimis
553 414 741 498 Anglorum
776 413 869 478 libris
904 409 1108 476 manualibus
1140 409 1376 494 distinguatur.

140 500 250 563 Datur
273 521 349 564 vero
371 500 425 565 hic
454 501 633 584 recognitio
662 507 772 565 textus
795 500 906 565 critica
929 499 969 563 ab
991 497 1141 562 omnibus
1163 516 1244 580 quas
1267 495 1378 562 adhuc

140 585 365 650 recensuimus
390 587 527 665 diversa,
557 588 618 652 etsi
647 609 683 652 re
706 607 783 653 vera
805 583 1255 651 Griesbaohio·Elaeviriana.
1302 581 1377 648 Soi-

139 671 216 736 licet
244 692 346 752 quum
376 671 584 737 Griesbaehii
611 672 708 737 editio
735 672 916 754 Lipsiensis
944 668 985 734 ab
1013 668 1173 737 Elaeviris
1199 668 1279 733 locis
1313 672 1376 730 348

140 756 310 840 discrepet,
340 768 451 823 nostru
481 780 556 823 eum
584 759 662 824 locis
691 767 819 822 tantum
848 760 907 819 263
938 757 1102 840 sequitur,
1132 755 1275 838 octogies
1301 755 1377 821 vul·

139 864 252 928 garam
285 845 480 926 scripturam
518 850 640 920 tuctur,
673 845 844 927 quinquies
878 843 1016 925 deniquo
1048 842 1142 907 uncis
1174 862 1234 906 usa
1267 840 1378 906 media

138 928 232 1012 quasi
263 930 318 994 via
346 929 475 995 incedit.
522 931 708 1014 (Mateta,
741 935 787 994 13.
822 934 869 1007 10,
894 932 942 992 23.
974 932 1022 1006 λλ,
1047 931 1096 993 35.
1141 927 1244 992 Maro.
1270 932 1299 1006 4,
1323 929 1374 991 24.

140 1019 167 1092 6,
194 1021 241 1079 11.
265 1052 307 1060 -
334 1016 374 1080 A.
404 1022 449 1082 16.
476 1019 523 1081 18.
551 1017 586 1081 Z.
613 1021 681 1080 116.
712 1021 749 1081 A.
780 1021 829 1078 37.
852 1021 916 1093 39).
961 1015 1024 1079 Vir
1051 1013 1164 1083 doctus
1190 1012 1248 1095 qui
1274 1012 1377 1078 talem

101 1119 104 1125 ’
137 1107 266 1166 textum
306 1103 476 1167 constituit
508 1124 628 1167 nomon
661 1124 756 1166 suum
788 1103 896 1166 tacuit.
942 1098 1142 1166 Subiunotus
1181 1105 1230 1163 est
1263 1120 1377 1164 exem·

136 1186 316 1271 plurimae
339 1189 506 1273 catalogus
528 1189 687 1253 librorum
717 1188 758 1253 ab
786 1188 901 1252 iisdem
927 1185 1108 1270 bibliopolis
1136 1184 1312 1265 editorum,
1343 1187 1378 1249 in

137 1294 200 1355 quo
230 1272 313 1338 duae
347 1274 554 1339 declarantur
581 1274 621 1338 N.
645 1275 681 1338 d.
715 1275 826 1358 graeci
855 1273 1014 1338 editiones
1047 1272 1188 1337 alterum
1222 1271 1310 1353 from
1331 1270 1381 1338 tte

137 1364 200 1423 teat
219 1360 255 1440 of
275 1359 444 1426 Grieoluclc
462 1361 526 1426 aad
550 1360 659 1442 Valpp,
682 1359 823 1425 alterum
842 1361 925 1442 from
947 1359 994 1423 tae
1013 1363 1075 1423 text
1092 1358 1128 1440 of
1147 1357 1293 1423 neasclea
1312 1359 1377 1424 aad

141 1445 319 1510 Gale-about.
374 1448 459 1513 Utra
492 1468 533 1510 ex
565 1446 617 1511 his
652 1454 763 1511 nostra
792 1447 835 1510 sit
863 1445 970 1510 dicore
1003 1464 1069 1509 non
1101 1443 1218 1509 ausim.
1275 1442 1374 1509 Oerte

137 1551 213 1596 oum
235 1532 357 1596 maiore
379 1533 555 1616 Valpyana
581 1532 666 1596 nihil
699 1533 767 1597 fere
799 1552 972 1596 commune
1000 1529 1106 1596 habet.
1152 1528 1286 1594 Dicitur
1315 1551 1371 1595 au-

136 1622 203 1680 tem
230 1616 263 1681 in
294 1619 390 1683 titulo
412 1620 511 1696 tertia,
536 1639 578 1682 ex
609 1639 673 1700 quo
706 1625 797 1700 patet
829 1617 941 1700 plures
975 1616 1122 1680 extitisse
1155 1615 1210 1683 vel
1235 1616 1372 1680 omnino

136 1723 247 1782 novas,
266 1703 320 1769 vel
338 1703 555 1790 stereotypice
572 1704 708 1769 iteratas
720 1725 802 1786 quae
819 1703 903 1768 mihi
920 1702 1155 1793 seso-nondum
1169 1701 1371 1767 obtulerunt

502 1965 517 2046 q
541 1965 568 2026 a.
613 1959 775 2027 aarum
798 1960 1014 2027 amman.

266 2153 316 2216 28.
353 2156 543 2214 ERIBURGI
560 2157 732 2228 Braepouiaq
749 2157 867 2213 tetrardo
884 2157 1069 2216 Herderiouo.
1097 2154 1186 2213 1853.
1210 2155 1238 2217 4.

220 2285 324 2369 Operi
351 2309 409 2353 suo
438 2289 603 2372 isagogico
636 2289 676 2354 de
699 2288 879 2371 evangeliis
911 2287 1016 2353 tribus
1047 2288 1141 2354 libris
1179 2288 1372 2373 duobusque

134 2373 356 2439 voluminibus
379 2374 527 2439 absoluto
555 2383 650 2439 autor
672 2375 790 2440 Frano.
814 2375 902 2440 Xav.
932 2374 1097 2440 Patricius
1125 2374 1197 2440 Soo.
1226 2374 1291 2442 Ies.
1321 2377 1371 2460 ip·

134 2481 207 2524 sum
225 2467 354 2523 textum
370 2480 523 2543 graecum
539 2460 709 2543 splendide
726 2481 918 2543 expressum
935 2461 1084 2540 inseruit,
1107 2459 1164 2525 sed
1184 2460 1296 2528 minus
1318 2461 1371 2528 lu·

134 2543 204 2610 cide
227 2543 384 2610 adornata
413 2548 554 2628 synopsi.
601 2547 743 2611 Textum
771 2547 820 2610 ita
841 2547 1012 2612 constituit
1033 2553 1072 2611 ut
1093 2568 1166 2612 cum
1187 2547 1284 2613 nulla
1306 2548 1372 2616 alia

133 2631 274 2696 editione
296 2633 429 2696 omnino
456 2633 615 2708 concinat,
645 2632 837 2699 lectionibus
859 2632 1129 2699 Griesbachianie
1155 2642 1189 2699 et
1206 2634 1371 2701 Elzeviri·

132 2719 204 2782 anis
227 2740 265 2782 oia
294 2717 420 2782 ratione
446 2719 561 2783 mixtis
590 2729 629 2782 ut
660 2717 792 2783 illarum
825 2718 935 2801 plures
967 2719 1075 2784 adsint
1107 2740 1205 2802 quam
1238 2719 1369 2800 harum,

132 2803 256 2868 scilicet
278 2805 444 2888 octoginta
471 2825 512 2868 ex
535 2811 663 2869 eentum
686 2814 719 2869 et
741 2805 972 2887 septemdecim
995 2825 1077 2889 quae
1099 2805 1153 2872 hio
1174 2805 1210 2869 in
1232 2826 1370 2874 censum

133 2890 277 2956 veniunt.

442 3151 457 3232 q
481 3155 508 3212 a.
552 3145 714 3213 ammo
737 3147 1045 3214 aasumensi.

345 3359 420 3419 aaa
448 3342 651 3417 ammosa
673 3361 716 3414 ta·
731 3361 805 3414 nu.
824 3360 873 3414 aa.
891 3360 972 3415 aaa.
1005 3357 1094 3420 iam.
1119 3358 1147 3417 4.

216 3488 377 3572 Synopsis
400 3499 539 3574 quatuor
568 3492 815 3575 evangeliorum
844 3498 976 3558 auctore
993 3493 1133 3575 Iosepho
1156 3492 1366 3580 Gehringero

128 3574 311 3659 theologiae
332 3579 509 3643 catholicae
533 3578 715 3662 professore
733 3578 944 3661 Tubingensi.
982 3579 1140 3645 Textibus
1162 3583 1366 3665 παραλλήλοις

130 3659 234 3725 multo
265 3661 407 3728 lucidius
434 3684 531 3746 quam
565 3665 600 3727 iu
639 3663 756 3729 talibus
784 3663 875 3730 libris
904 3665 975 3730 fieri
1003 3665 1086 3730 solet
1114 3665 1166 3731 hio
1200 3668 1365 3750 expressis

130 3746 251 3811 selecta
279 3747 420 3813 varietas
457 3750 606 3814 lectionis
639 3750 818 3827 subiicitur,
851 3751 1073 3832 praemittitur
1106 3751 1294 3819 dissertatio
1327 3753 1364 3819 de

128 3839 244 3897 mutua
277 3854 341 3914 qua
380 3835 467 3898 inter
500 3856 534 3899 se
568 3842 722 3899 tenentur
766 3836 985 3918 evangelistae
1029 3839 1164 3902 ratione.
1220 3840 1364 3905 Textum

129 3938 226 3983 suum
248 3917 354 3981 editor
375 3921 421 3984 sic
443 3922 612 3985 constituit
633 3929 671 3984 ut
693 3923 792 3984 trium
814 3921 950 4001 ducum,
980 3921 1287 4005 Oomplutensium‚
1308 3924 1363 3990 al-

127 4003 313 4070 zevirorum
336 4011 369 4068 et
390 4005 607 4084 Griesbachii,
637 4007 798 4088 scriptura
827 4007 944 4071 collata
971 4008 1068 4072 modo
1097 4008 1187 4075 hune
1208 4011 1307 4077 modo
1326 4011 1362 4075 il-

127 4089 197 4154 lum
231 4097 430 4169 sequeretur.
475 4093 530 4155 Ex
563 4096 623 4154 395
656 4092 735 4157 loeis
767 4092 832 4157 huo
859 4094 1098 4175 pertinentibus
1128 4097 1189 4157 232
1218 4104 1300 4162 sunt
1330 4099 1361 4161 in

128 4175 245 4257 quibus
264 4174 316 4238 illi
337 4176 558 4256 consentiunt3
578 4177 677 4242 vicies
699 4185 731 4242 et
751 4178 850 4244 octies
869 4179 1040 4263 vulgarem
1058 4182 1184 4264 respuit
1193 4182 1362 4249 lectionem

128 4260 347 4326 Griesbachio
369 4268 402 4323 et
424 4261 711 4344 Oomplutensibus
734 4264 961 4348 adstipulatus,
991 4266 1146 4333 undecies
1172 4268 1266 4333 illam
1294 4277 1361 4334 tue·

119 4350 183 4409 “tur
203 4345 256 4410 his
278 4345 424 4423 reiectis3
445 4347 526 4410 item
555 4347 657 4413 vicies
689 4355 722 4413 ot
754 4352 868 4415 novies
900 4371 976 4415 oum
1003 4351 1222 4421 Griesbaehio
1251 4362 1361 4422 contra

128 4429 380 4514 (lomplutenses
401 4431 486 4509 facit,
510 4438 543 4495 et
562 4433 773 4518 quinquagies
806 4441 839 4500 et
866 4442 918 4501 ter
946 4458 1022 4501 oum
1050 4438 1103 4503 his
1125 4451 1241 4506 eontra
1261 4442 1359 4507 illum.

127 4514 247 4582 Decies
270 4523 304 4580 et
335 4523 449 4596 quater
472 4515 723 4585 Griesbachium
756 4520 862 4586 solum
883 4523 1040 4606 agnoscit,
1073 4523 1266 4595 undevioies
1286 4527 1359 4593 His·

120 4620 239 4683 panos.
271 4600 460 4683 Supersunt
481 4622 602 4668 novem
618 4602 687 4671 loca
705 4606 874 4691 inquibus
891 4608 1211 4681 alienaintrodueit:
1229 4611 1272 4681 Ο.
1291 4616 1357 4677 263.
