3000 5024
579 1402 697 1460 CAPUT
714 1401 772 1460 XV.

176 1574 535 1676 EDITIONES
564 1577 1166 1679 GRIESBACHIANAE.

146 1887 190 1952 Io.
219 1885 285 1952 Iao.
316 1883 541 1966 Griesbachii,
568 1886 633 1952 viri
659 1886 853 1952 immortalis
881 1887 1069 1968 memoriae,
1100 1886 1229 1956 labores
1255 1888 1292 1955 in

100 1972 262 2038 nendando
295 1979 389 2038 textu
417 1973 457 2038 N.
487 1972 523 2036 Τ.
557 1993 674 2056 graeco
706 1973 876 2040 collocatos
905 1981 938 2040 et
963 1973 1050 2058 apud
1077 1977 1230 2060 aequales
1258 1981 1292 2042 et

100 2058 149 2137 tud
176 2067 322 2144 posteros
351 2080 496 2124 summas
523 2057 638 2124 laudes
667 2061 827 2126 meruisse
859 2081 956 2126 nemo
989 2067 1040 2126 est
1072 2062 1128 2144 qui
1159 2062 1248 2129 nesci
1269 2068 1291 2127 t.

102 2146 162 2211 nius
184 2153 253 2211 tam
275 2145 483 2229 splendidum
505 2146 609 2210 evasit
630 2166 750 2211 nomen
772 2147 807 2211 in
826 2129 878 2211 his
896 2146 1014 2212 studiis
1034 2153 1073 2211 ut
1090 2169 1158 2213 non
1175 2148 1290 2228 solum,

100 2250 143 2297 rae
165 2232 222 2297 alii
244 2239 321 2297 ante
343 2253 417 2297 eum
439 2252 544 2314 neque
566 2231 676 2296 minus
699 2230 874 2316 diligenter
894 2254 1000 2317 neque
1021 2233 1133 2300 minue
1154 2234 1292 2301 feliciter

100 2324 241 2399 ulerunt,
264 2318 369 2403 gloria
390 2319 460 2383 eius
482 2317 707 2384 excellentiori
728 2318 822 2402 quasi
843 2326 994 2402 cooperta
1012 2320 1089 2400 sint,
1111 2321 1169 2386 sed
1191 2321 1292 2387 etiam

100 2425 142 2470 rae
163 2405 233 2487 ipse
255 2405 290 2469 in
318 2404 391 2469 aliis
417 2404 589 2469 literarum
614 2404 762 2487 partibus
789 2405 953 2490 praestitit
979 2406 1136 2474 oblivioni
1162 2407 1290 2474 tradita.

100 2491 250 2558 ¹arissimo
273 2489 421 2556 Semlero
450 2496 579 2569 autore,
610 2512 674 2574 quo
702 2491 737 2555 in
767 2492 941 2559 ediscenda
970 2492 1108 2558 historia
1134 2495 1292 2578 magistro
1333 2559 1342 2564 ,

99 2601 137 2644 ue
159 2585 246 2658 erat,
275 2577 357 2642 haec
379 2576 442 2641 sibi
462 2577 668 2659 potissimum
699 2583 806 2644 castra
832 2579 960 2644 iuvenis
988 2579 1164 2645 admodum
1193 2581 1293 2665 elegit

117 2687 161 2730 ex
189 2665 307 2729 itinere
331 2684 391 2745 per
419 2662 634 2728 Germaniam
663 2663 812 2749 Galliam·
835 2665 1047 2730 Britanniam
1078 2666 1164 2732 facto
1193 2667 1292 2732 simul

100 2751 278 2817 bsidiorum
299 2749 426 2832 copiam
448 2757 482 2814 et
504 2747 545 2813 ad
567 2747 676 2814 studia
693 2750 806 2816 critica
826 2751 969 2816 alacrem
986 2753 1136 2817 animum
1156 2751 1292 2818 domum

100 2837 246 2921 mitent.
293 2834 421 2916 Quibus
449 2835 603 2918 deinceps
635 2857 695 2919 per
727 2835 947 2921 quadraginta
980 2859 1083 2904 annos
1116 2846 1185 2904 tam
1213 2860 1290 2905 con·

100 2930 185 2989 nter
205 2922 354 2987 incubuit
375 2929 414 2987 ut
432 2942 496 3005 quo
518 2932 664 3004 ternpore
686 2944 704 2986 e
722 2923 807 2989 vivis
825 2925 968 2990 excessit
988 2925 1177 2991 criticorum
1198 2925 1290 3008 prin·

100 3032 133 3096 os
146 3010 332 3089 haberetur,
356 3015 388 3073 et
409 3030 498 3074 nunc
520 3029 655 3091 quoquc,
677 3010 821 3074 maxime
844 3010 932 3093 apud
953 3018 1092 3091 exteros,
1114 3009 1186 3094 ipse
1206 3009 1291 3076 nulli

100 3095 230 3174 tundus,
253 3096 350 3178 pauci
371 3094 421 3158 illi
443 3094 595 3178 aequales
619 3095 843 3160 aestimentur.
896 3154 898 3162 ,

145 3181 356 3249 Griesbachii
377 3180 487 3247 studia
507 3180 651 3264 primum
673 3182 709 3245 in
731 3181 923 3267 colligendis
944 3182 1136 3250 lectionibus
1157 3182 1290 3248 varian-

100 3293 144 3337 us
167 3269 275 3353 posita
297 3275 400 3348 erant,
425 3289 505 3351 quas
526 3268 648 3350 partim
670 3288 713 3332 ex
735 3267 898 3335 codicibus
914 3267 1068 3334 nondum
1097 3276 1155 3334 aut
1180 3269 1292 3336 minus

100 3364 210 3422 aurate
236 3354 363 3420 collatis
392 3353 603 3437 conquisivit,
632 3354 753 3437 partim
779 3377 821 3420 ex
850 3355 1056 3422 versionibus
1083 3360 1116 3421 et
1143 3356 1291 3438 patribus

100 3465 148 3509 nc
171 3440 362 3526 diligentius
384 3441 588 3519 examinatis,
612 3441 790 3523 exquibus
809 3441 1292 3524 praesertimPhiloxenianam

108 3529 300 3606 Gothicam,
323 3535 395 3592 tum
417 3526 572 3610 Origenis
595 3527 716 3609 scripta
737 3529 906 3611 nominare
927 3528 1026 3595 lubet.
1060 3529 1167 3594 Multo
1185 3530 1291 3614 magis

100 3637 169 3682 nen
191 3615 239 3680 rei
260 3613 392 3680 criticae
420 3613 584 3678 consuluit
605 3613 756 3697 Bengelii
785 3612 989 3698 Semlerique
1017 3615 1158 3698 vestigia
1177 3615 1291 3700 legens

109 3701 254 3769 historia
276 3707 385 3766 textus
407 3698 603 3782 indaganda,
625 3699 682 3765 ubi
703 3707 853 3767 veterum
883 3701 1016 3768 testium
1044 3701 1184 3767 familias
1214 3722 1291 3768 con-

100 3790 173 3869 zuit,
191 3786 461 3865 Alexandrinam,
474 3785 728 3866 occidentalem,
746 3788 975 3872 Byzantinam,
995 3809 1037 3853 ex
1048 3809 1188 3871 quarum
1198 3788 1291 3872 vario

100 3896 233 3953 reensu,
261 3872 416 3939 adhibitis
440 3878 552 3937 tamen
574 3871 771 3955 quibusdam
792 3873 913 3940 criticis
941 3874 1069 3960 legibus
1096 3897 1137 3939 ex
1159 3875 1291 3940 interna
1354 3872 1356 3883 '

100 3963 231 4028 tionum
252 3959 364 4036 indole
386 3959 553 4036 derivatis,
576 3959 694 4023 harum
717 3957 913 4044 dignitatem
941 3961 1084 4027 maxime
1113 3961 1290 4026 aestiman-

100 4071 131 4115 n
155 4046 274 4113 docuit.
320 4044 414 4126 Quae
436 4044 501 4110 viri
523 4045 643 4110 summi
665 4045 813 4111 doctrina
835 4045 932 4112 hodie
955 4053 1067 4112 textus
1089 4047 1200 4130 graeci
1222 4043 1291 4110 edi·

100 4135 184 4201 ibus
208 4134 275 4198 iam
303 4132 415 4198 minus
442 4129 566 4213 placet,
602 4131 769 4214 multaque
796 4132 827 4196 ei
860 4133 993 4199 subesse
1021 4133 1176 4198 dicuntur
1208 4152 1290 4215 quae

100 4242 162 4306 que
184 4240 226 4284 ex
247 4219 387 4284 historia
406 4239 519 4282 rerum
540 4238 647 4300 neque
669 4239 711 4282 ex
721 4218 842 4284 criticis
861 4219 1042 4286 rationibus
1055 4218 1188 4285 omnino
1202 4239 1290 4283 com·

100 4305 243 4374 mdanda
263 4302 456 4382 videantur,
486 4310 519 4368 et
546 4304 581 4368 in
603 4324 641 4369 eo
668 4305 877 4386 potissimum
905 4326 925 4371 a
952 4326 1031 4370 vero
1056 4305 1188 4370 tramite
1214 4324 1290 4370 eum

100 4412 227 4478 errasse
248 4391 466 4468 consentiunt,
490 4390 576 4472 quod
598 4398 726 4455 textum
748 4399 925 4476 receptum,
955 4391 1060 4476 qualis
1083 4411 1120 4456 eo
1142 4397 1290 4473 tempore

100 4503 118 4547 x
148 4477 319 4556 veniebat,
350 4475 412 4543 sibi
440 4474 652 4542 fundamento
681 4479 839 4561 posuerit,
869 4500 889 4543 a
916 4499 978 4561 quo
1007 4498 1074 4543 non
1103 4476 1169 4542 nisi
1191 4477 1238 4543 iis.
1253 4476 1290 4541 in

100 4568 134 4632 is
157 4562 306 4631 discessit
334 4583 417 4646 qnae
439 4562 613 4628 manifeste
633 4563 750 4629 vitiata
771 4563 921 4632 habebat.
966 4564 1093 4630 Verum
1121 4561 1149 4629 si
1178 4570 1290 4647 postea

106 4669 210 4719 Reuss,
222 4667 280 4708 Blbl.
293 4666 351 4708 Novi
364 4666 458 4708 Tectam.
472 4667 551 4716 grucel.
1054 4665 1094 4722 qq
