3000 5024
65 296 68 301 ,
182 226 244 292 164
696 218 812 278 cerm
829 218 895 307 m.
1382 162 1413 273 'x

179 395 315 498 missam
335 394 413 462 facit
433 401 565 495 recepta
587 393 795 497 Elteviriana
816 392 923 493 tribas
944 390 1023 460 loeis
1046 391 1117 471 (W.
1142 393 1191 458 29.
1220 389 1265 493 X.
1290 395 1318 457 4.
1343 392 1412 476 25).

179 483 332 584 llenique
354 480 555 581 deprehendi
575 480 755 575 lectionem¹
771 481 977 582 Erasmream
989 499 1102 564 lunam
1120 478 1280 580 illacrima
1308 498 1414 562 aeque

179 578 394 723 diffidi
405 564 949 723 tllhtttittltdtrl
970 560 1057 635 ”¹¹⁶⁰
1080 571 1263 650 ”mm
1306 564 1413 631 Μ’

279 866 375 925 109st
417 864 1105 943 Pannoniamnrmpptaoecoo.
1137 865 1228 927 issa.
1261 864 1309 925 12.

265 997 454 1067 Editionem
477 1001 562 1068 hane
582 1006 695 1066 utrum
713 1001 851 1066 seorsim
867 1020 1072 1067 recenserem
1093 1019 1137 1064 an
1157 997 1254 1065 modo
1270 996 1416 1064 laudabo

180 1087 379 1172 stereotypis
399 1088 551 1153 comitem
573 1085 743 1166 adderem,
771 1087 850 1152 olim
877 1087 995 1154 dubius
1016 1086 1117 1152 haesi.
1162 1085 1320 1151 Pluribus
1346 1087 1416 1150 iam

180 1171 350 1240 decausis
372 1173 541 1256 speciatim
570 1173 610 1239 de
637 1193 676 1239 ea
703 1171 868 1257 agendum
894 1171 1033 1241 decrevi.
1076 1171 1337 1238 Graeco-latina
1364 1177 1417 1237 est

180 1260 289 1326 textui
321 1260 506 1326 versionem
534 1260 634 1324 Arias
661 1260 814 1325 Montani
844 1260 880 1326 in
907 1258 1012 1326 altera
1038 1259 1191 1325 columna
1218 1255 1415 1341 adiungens.

181 1344 291 1427 Quam
312 1365 356 1411 ex
377 1344 484 1428 aliquo
505 1345 737 1411 Leusdeniano
758 1347 955 1429 exemplari,
983 1344 1094 1429 qualia
1121 1365 1223 1428 supra
1245 1342 1328 1429 Oap.
1350 1341 1411 1408 XI.

181 1433 237 1516 §3
265 1430 307 1498 N.
331 1433 372 1492 46
395 1451 483 1515 seqq.
516 1430 680 1514 descripta
706 1440 799 1511 sunt,
832 1432 1011 1515 sumpsisse
1038 1429 1184 1510 videtur,
1213 1449 1282 1495 non
1310 1428 1413 1496 editor

180 1517 301 1600 aliquis
321 1516 468 1583 modeste
490 1515 618 1598 doctus,
648 1517 706 1584 sed
732 1517 803 1601 ipse
830 1516 1004 1601 bibliopola
1027 1517 1081 1583 cui
1107 1515 1143 1582 id
1161 1514 1339 1583 ridiculum
1362 1536 1416 1582 ae-

181 1601 261 1670 eidit
290 1612 329 1669 ut
360 1624 402 1669 ex
430 1603 527 1668 titulo
555 1605 607 1671 sui
636 1602 808 1689 archetypi
842 1604 984 1671 auctoris
1015 1603 1062 1669 Io.
1092 1602 1263 1670 Lensdeni
1293 1622 1420 1668 nomen

181 1689 433 1756 transscriberet
459 1689 602 1774 adeoque
628 1688 879 1757 Leusdenianos
906 1689 1083 1757 versiculos
1109 1690 1268 1775 signaque
1294 1688 1418 1755 lexico-

180 1776 287 1862 logica
302 1776 516 1860 promitteret,
535 1774 706 1860 dequibus
726 1796 826 1860 supra
842 1797 901 1842 suo
918 1776 989 1842 loce
1000 1776 1136 1861 egimus,
1153 1796 1294 1860 quorum
1303 1780 1419 1841 tamen

180 1862 361 1946 vestigium
381 1863 416 1927 in
438 1868 507 1929 toto
529 1862 612 1928 libro
634 1862 763 1928 nullum
784 1884 820 1927 re
844 1863 955 1928 eritnr.

268 1949 395 2015 Tsxtus
415 1948 504 2015 idem
526 1955 578 2015 est
598 1958 695 2034 atquo
716 1948 753 2014 in
768 1948 825 2015 W'
858 1948 986 2016 cumnis
1007 1948 1110 2031 libris,
1134 1969 1275 2034 quorum
1291 1947 1420 2016 scilieet

181 2056 224 2103 ne
245 2035 368 2101 formae
390 2034 522 2118 quidem
544 2042 701 2118 mutatae,
724 2035 789 2101 nisi
810 2042 971 2119 quatenus
993 2044 1126 2121 propter
1140 2035 1302 2103 versionis
1324 2041 1420 2101 teno-

181 2142 252 2187 rem
270 2122 396 2187 maiora
412 2121 492 2188 hine
509 2120 587 2187 inde
603 2121 841 2191 versiculorum
857 2122 1033 2190 intervalla
1050 2122 1086 2188 in
1103 2122 1230 2208 graeeis
1247 2130 1419 2207 apparent.

180 2207 364 2273 Rarissime
386 2207 500 2274 eadem
519 2207 563 2273 de
584 2229 684 2275 cauea
703 2208 739 2275 in
759 2206 877 2274 iisdem
899 2209 1062 2293 scriptura
1083 2208 1216 2277 arctiori
1235 2229 1323 2275 nexu
1340 2228 1420 2285 conf

181 2293 316 2373 tinctor,
345 2313 389 2358 ne
416 2314 480 2377 qua
508 2293 636 2379 syllaba
663 2315 781 2361 versus
806 2295 950 2380 spatium
978 2295 1122 2363 excedat
1166 2294 1282 2363 Utinm
1308 2292 1436 2362 locum·

181 2378 296 2446 inveni
317 2379 450 2465 omnino
477 2386 511 2445 et
532 2381 573 2446 de
599 2378 764 2447 industria
790 2383 971 2449 variatum:
1006 2403 1121 2450 versus
1142 2383 1225 2450 Lae.
1251 2386 1300 2462 l‘l,
1324 2384 1377 2446 36.
1401 2402 1422 2447 a

182 2472 278 2533 textu
299 2464 503 2550 Stephanico
525 2466 652 2533 alienus
674 2467 711 2532 in
732 2467 795 2534 heo
815 2470 928 2535 nostra
950 2468 1144 2536 restituitur.
1175 2506 1178 2511 ·

267 2553 411 2637 Egregie
433 2552 559 2618 fallitur
579 2553 634 2620 vir
655 2552 771 2620 doctus
789 2552 1025 2640 O‘Oallaghan,
1047 2576 1161 2623 rocem
1182 2559 1278 2621 autor
1294 2551 1422 2619 Biblio-

180 2639 340 2726 graphiae
366 2639 504 2705 biblicae
527 2640 742 2709 Americanae
771 2639 829 2723 qui
857 2641 943 2707 hano
971 2662 1046 2708 eum
1062 2640 1125 2708 ·ed.
1147 2636 1301 2708 Philadel
1324 2637 1423 2706 benai

182 2747 214 2882 ἓ.
237 2728 318 2878 18ἓὸ
342 2723 512 2792 confundit
533 2726 573 2806 (it
593 2747 692 2793 scema
712 2731 742 2793 to
762 2725 798 2793 be
818 2726 946 2814 aotbiep
966 2729 1020 2795 bat
1042 2749 1063 2794 a
1082 2729 1217 2808 resae)
1238 2725 1265 2791 ti
1315 2746 1335 2792 o
1358 2725 1423 2793 sei·

197 2812 261 2882 'oet
304 2820 448 2898 coeptus.
808 2836 819 2861 -·
885 2848 887 2855 -
969 2852 971 2857 -
1086 2818 1089 2823 ’
1125 2850 1128 2855 -
1180 2840 1238 2856 ····
1304 2845 1307 2849 ·
