3000 5024
126 202 149 264 4
599 195 888 256 enumeremus

127 370 209 437 satis
229 369 422 453 imperfecta
442 376 477 437 et
497 390 615 438 manca
636 370 734 438 dicas.
768 369 838 438 Sed
858 369 969 455 potius
991 367 1136 435 subsidia
1157 365 1368 452 respicienda

127 462 227 523 amnt
248 456 366 541 quibus
392 479 460 523 non
481 458 547 524 nisi
573 459 783 543 paucioribus
809 458 859 524 uti
886 456 955 523 illis
976 456 1110 536 licebat,
1138 454 1275 521 stertis
1297 454 1367 521 cri·

126 544 211 609 ticae
231 544 415 610 arctissima
436 552 507 610 tum
528 546 687 628 temporis
709 544 885 628 pomoeria
919 543 1050 624 Quibus
1067 543 1192 609 caussis
1210 540 1367 624 equidem

126 630 164 695 in
185 629 396 697 diiudicanda
416 638 451 696 et
471 630 632 698 librorum
653 639 687 698 et
708 640 881 697 auctorum
903 629 1063 716 dignitate
1083 650 1152 694 non
1168 628 1279 693 nunus
1302 627 1367 692 tri-

126 715 256 782 buerim
288 737 402 801 quam,
440 716 527 801 quod
559 717 633 784 aliis
665 719 847 783 maximum
879 717 928 785 rei
958 715 1228 800 impedimentum
1261 713 1368 780 frrisse

126 800 274 883 videtur,
315 804 545 888 theologorum
582 804 763 870 invidiosae
795 805 831 868 in
870 803 1119 869 novaturientes
1160 800 1365 885 vigilantiae.

127 886 224 970 Quae
245 889 369 956 scilicet
390 890 538 956 codicum
558 890 820 975 exploratoribus
842 891 978 954 minime
1000 889 1114 968 defuit,
1142 896 1239 971 atque
1261 887 1367 953 etiam

125 973 234 1040 indies
260 976 400 1042 liberam
427 977 597 1043 scientiam
623 978 814 1061 angustiore
840 975 944 1041 limite
965 976 1177 1041 constrictam
1204 974 1367 1058 suspicio·

125 1060 226 1127 nibus
247 1063 353 1147 magis
375 1063 532 1144 vexabat;
561 1062 620 1128 scd
641 1064 753 1131 studia
773 1064 809 1128 in
832 1070 992 1146 apparatu
1020 1061 1133 1127 critico
1155 1059 1308 1144 augendo
1331 1066 1367 1126 et

126 1146 331 1214 discutiendo
352 1151 461 1233 posita
483 1170 656 1232 nunquam
677 1150 776 1234 plane
798 1149 1000 1232 compescuit
1021 1156 1055 1214 ct
1075 1148 1169 1231 quasi
1185 1146 1278 1212 letali
1295 1153 1367 1213 tor·

125 1254 206 1319 pore
227 1235 376 1301 confecit.
420 1235 493 1302 Imo
515 1238 663 1303 fortassis
685 1258 727 1302 ex
753 1236 811 1301 illa
831 1237 905 1320 ipsa
930 1255 994 1319 qua
1021 1235 1254 1318 premebantur
1276 1230 1368 1299 diffi-

126 1319 252 1386 cultate
273 1321 481 1388 commodum
503 1320 635 1407 aliquod
656 1322 747 1388 haud
768 1320 992 1406 spernendum
1020 1322 1057 1386 in
1085 1343 1126 1386 ca
1152 1317 1366 1401 redundavit,

126 1406 221 1474 cuius
237 1408 265 1473 si
286 1410 393 1474 nostri
410 1410 572 1474 rationem
589 1409 760 1489 haberent,
783 1409 823 1474 de
841 1409 1066 1493 antesignanis
1084 1407 1262 1472 hodiernae
1282 1410 1367 1471 artis

126 1493 259 1561 criticae
289 1515 465 1578 eorumque
497 1495 680 1575 laboribus,
722 1496 762 1561 dc
791 1495 997 1574 Ourcellaeo,
1031 1494 1208 1572 waltero,
1246 1492 1367 1574 sellio,

126 1579 243 1660 Minio,
263 1579 437 1647 Gerhardo
454 1584 576 1648 rectius
590 1582 781 1647 iudicarent.
808 1581 875 1662 Qui
895 1603 973 1648 sane
988 1588 1116 1646 textum
1135 1601 1196 1655 sun
1215 1588 1368 1662 tempore

126 1688 192 1733 usu
232 1667 443 1733 tritissimum
474 1668 652 1752 multisque
691 1668 819 1734 mendis
859 1676 1039 1733 scatentem
1078 1666 1269 1749 simpliciter
1307 1664 1367 1733 de-

126 1753 345 1837 scripserunt,
373 1755 453 1821 satis
481 1754 639 1821 habentes
665 1755 840 1822 lectionum
869 1755 1070 1821 variantium
1096 1754 1298 1839 farraginem
1331 1758 1369 1819 et

127 1849 293 1924 exparte
321 1841 455 1906 testium
483 1843 695 1907 austeritates
722 1842 758 1906 in
783 1842 934 1927 margine
961 1850 1101 1907 notasse.
1147 1839 1215 1906 Sed
1243 1838 1300 1905 vel
1329 1840 1368 1905 iu

126 1926 368 2011 prolegomenis
389 1928 442 1994 vel
462 1927 500 1992 in
522 1929 765 1995 commentariis
792 1929 860 1994 suis
882 1927 1020 2007 criticis,
1049 1933 1210 2010 quantum
1237 1924 1369 1993 iam‘in

127 2020 199 2078 erte
220 2021 337 2078 nostra
358 2015 564 2098 profecerint,
587 2024 701 2099 aperte
722 2015 943 2080 declararunt.
978 2013 1053 2094 Quo
1075 2013 1181 2097 magis
1203 2010 1369 2078 laudandi

127 2098 283 2165 videntur
300 2101 342 2166 ob
354 2100 549 2166 modestiam
563 2123 629 2184 qua
646 2100 737 2166 ducti
749 2122 885 2166 manum
903 2099 1158 2165 emendat-ricem
1175 2099 1238 2182 ipsi
1255 2098 1369 2164 textui

126 2185 302 2252 admovere
324 2186 588 2270 supersederunt,
611 2187 667 2253 vel
688 2210 766 2254 suae
787 2189 934 2270 ipsorum
957 2186 1127 2270 sagacitati
1145 2183 1284 2250 candide
1302 2185 1369 2251 dif-

127 2269 268 2338 fidentes
295 2272 350 2338 vel
379 2274 478 2338 etiam
510 2274 558 2338 nil
592 2281 702 2340 actum
733 2283 923 2358 reputantes
956 2273 1036 2338 dum
1068 2271 1148 2356 quid
1179 2278 1372 2354 superesset

127 2357 293 2442 agendum
320 2358 357 2423 in
385 2359 606 2443 conquirenda
634 2363 774 2425 materia
801 2362 895 2427 cuius
924 2379 1029 2425 novos
1056 2357 1162 2423 indies
1191 2358 1371 2425 thesauros

127 2444 250 2529 aperiri
271 2444 436 2510 videbant.
480 2447 656 2512 Duriorem
683 2447 787 2531 igitur
814 2446 1099 2528 obscurioremque
1120 2444 1290 2510 malebant
1311 2466 1372 2511 ex·

127 2551 239 2597 ercere
259 2530 407 2596 laborem
434 2553 534 2615 quam
561 2535 779 2617 praematuris
801 2532 976 2603 vindemiis
997 2533 1078 2611 frui,
1107 2552 1227 2597 verum
1255 2537 1291 2595 et
1317 2531 1372 2597 rei

128 2624 163 2682 et
184 2616 256 2700 spei
276 2617 458 2701 pleniorem
478 2626 513 2684 et
533 2620 673 2703 posteris
694 2621 800 2703 magis
822 2619 948 2699 utilem,
972 2640 1070 2701 quam
1092 2618 1120 2684 si
1143 2617 1184 2682 ad
1207 2617 1372 2702 cuiusque

127 2704 206 2769 novi
233 2704 354 2769 codicis
380 2704 489 2784 fidem,
518 2726 615 2788 quem
646 2706 687 2772 iis
714 2727 809 2772 casus
830 2707 914 2772 forte
941 2705 1125 2784 obiiciebat,
1153 2700 1294 2769 subinde
1316 2725 1373 2771 re·

127 2789 307 2855 formatum
331 2797 462 2855 textum
484 2791 679 2858 festinanter
700 2791 888 2858 edidissent.

215 2876 308 2942 Haec
337 2886 416 2942 sunt
443 2885 541 2961 atque
566 2878 662 2958 talia,
689 2878 848 2946 benevole
875 2878 992 2957 lector,
1021 2897 1104 2960 quae
1132 2898 1174 2943 ex
1201 2876 1264 2942 hac
1293 2898 1372 2945 mea

129 2960 308 3029 bibliotheca
329 2963 502 3029 eddanum
523 2963 618 3030 facile
638 2964 781 3049 colliges.
828 2964 936 3046 Quam
963 2985 1041 3048 ergo
1069 2984 1112 3028 ne
1134 2983 1261 3028 meram
1283 2963 1371 3029 titu-

129 3045 239 3114 lorum
266 3049 454 3134 congeriem
483 3050 591 3117 studio
620 3057 680 3116 tuo
707 3050 879 3136 indignam
912 3052 1101 3116 existimare
1129 3049 1211 3116 velis
1244 3049 1372 3117 iterum

129 3134 315 3219 iterumque
343 3157 435 3221 rogo.
485 3137 563 3220 Ipse
592 3137 743 3222 equidem
771 3140 798 3203 si
826 3138 863 3203 in
890 3138 942 3202 his
971 3136 1147 3202 subsistere
1180 3135 1372 3205 debuissem

131 3241 214 3306 opus
235 3221 299 3286 hoc
320 3223 485 3289 mehercle
506 3245 676 3308 nunquam
698 3224 877 3290 valuissem
899 3222 1063 3288 adfinem
1085 3221 1278 3307 perducere,
1302 3225 1372 3289 imo

130 3329 173 3374 ne
195 3308 236 3375 de
257 3309 443 3375 inchoando
466 3310 599 3394 quidem
621 3312 774 3396 cogitare.
820 3310 888 3376 Sed
910 3311 965 3395 qui
994 3309 1150 3375 historiae
1174 3310 1314 3375 seientia
1334 3311 1374 3376 in

131 3415 325 3478 quacunque
346 3417 458 3461 rerum
481 3397 701 3462 humanarum
721 3404 814 3481 parte
836 3397 933 3481 plena
954 3402 988 3462 et
1009 3395 1146 3479 optabili
1167 3396 1265 3479 potiri
1283 3397 1371 3479 vult,

131 3480 160 3546 is
178 3482 278 3546 etiam
297 3502 429 3563 asperas
448 3490 482 3546 et
498 3482 696 3568 longinquas
707 3485 838 3550 viarum
855 3482 1009 3566 ambages
1027 3481 1195 3565 deprecari
1213 3490 1248 3548 et
1258 3482 1372 3550 vitare

133 3564 287 3633 dediscat.
334 3566 427 3648 Quas
453 3568 513 3633 tibi
540 3571 569 3635 si
596 3570 762 3654 planiores
790 3568 1005 3652 laetioresque
1032 3568 1214 3635 reddidisse
1241 3569 1372 3654 videar,

133 3651 174 3719 de
195 3655 267 3739 ipsa
288 3675 363 3719 mea
383 3654 490 3739 opella
512 3675 654 3740 aequum
676 3664 708 3721 te
731 3655 871 3721 iudicem
894 3655 1035 3722 audiam.

134 3915 149 3997 ς
173 3915 202 3979 2.
247 3912 363 3996 oure
391 3912 494 3979 run
521 3912 775 3996 nucusque
802 3896 855 3981 'ut
877 3911 1241 3980 consosmsnoo
1270 3914 1375 3984 um·
1404 3960 1406 4001 2

322 4015 506 4084 urouuiu
526 4016 780 4085 onunuoeo
801 4016 1186 4085 reassumusuvu.
1404 4034 1406 4065 ι

120 4206 129 4219 ·
221 4172 298 4238 Non
320 4171 378 4237 abs
400 4193 437 4237 re
459 4173 524 4238 erit
543 4173 657 4256 paucis
679 4171 850 4240 ostendere
872 4169 970 4256 quam
991 4194 1119 4255 parum,
1140 4194 1225 4257 quae
1246 4173 1375 4245 hucus-

120 4262 198 4343 'que
218 4260 255 4323 in
276 4258 393 4323 notitia
415 4257 595 4324 editionum
617 4259 657 4324 N.
681 4259 718 4325 Τ.
741 4259 851 4344 graeci
872 4259 1105 4325 conscribenda
1126 4282 1146 4325 a
1168 4261 1248 4327 viris
1267 4261 1375 4331 doctis

134 4351 263 4411 tentata
284 4352 371 4424 sunt,
394 4345 545 4410 omnibus
567 4346 714 4412 numeris
736 4346 886 4412 absoluta
907 4346 971 4411 dici
990 4346 1127 4429 possint.
1173 4345 1268 4430 Opus
1289 4350 1375 4417 eatis

135 4431 343 4497 fastidiosum
372 4438 407 4497 et
432 4432 578 4516 ipsorum
604 4431 672 4498 iam
700 4439 807 4498 aetate
834 4432 1034 4498 immensum
1060 4442 1095 4497 et
1123 4431 1269 4516 difficile,
1296 4441 1393 4521 post·

135 4519 248 4602 plures
269 4519 437 4584 variorum
458 4526 595 4585 conatus
617 4520 776 4585 memoria
795 4517 968 4585 hominum
988 4519 1098 4584 minus
1121 4518 1247 4605 dignos,
1272 4523 1375 4607 primi

136 4603 283 4690 adgressi
313 4613 391 4671 sunt
428 4605 557 4672 saeculo
594 4605 761 4691 superiore
798 4605 935 4672 ineunte
969 4604 1136 4674 duumviri
1167 4607 1375 4677 celeberrimi
