3000 5024
642 1414 760 1475 CAPUT
771 1418 846 1476 XVI.

274 1589 634 1690 EDITIONES
661 1592 1210 1693 ΜΑΤΤΗΑΕΙΑΝΑΕ.

461 1904 476 1986 a
502 1908 528 1966 1.
573 1899 1029 1967 commutandarum.

222 2110 274 2171 L*
316 2111 438 2170 RIGAE
460 2115 590 2187 inrpaaca's
615 2116 639 2169 I.
666 2113 699 2169 F.
723 2112 913 2168 Hurtbaoebia'.
961 2108 1190 2173 wat—1788.
1238 2112 1266 2174 8.

211 2243 331 2310 Editor
352 2245 561 2311 Christianus
588 2244 777 2310 Fridericus
805 2241 969 2309 Matthaei
996 2242 1189 2326 Thuringus
1216 2264 1276 2327 per
1303 2244 1361 2310 ali·

127 2337 206 2412 quot
229 2351 332 2397 annos
354 2331 389 2396 in
412 2331 578 2398 academia
599 2330 791 2413 Mosquensi
811 2330 973 2412 professor
994 2329 1168 2394 literarum
1185 2327 1360 2395 humanio-

128 2437 211 2496 rum,
233 2426 347 2499 postea
365 2417 492 2503 collegii
504 2418 695 2483 Misniensis
717 2424 834 2494 rector,
857 2415 897 2480 N.
911 2416 947 2479 u.
961 2435 1115 2499 graecum
1137 2436 1181 2479 ex
1198 2415 1361 2483 codicibus

128 2502 381 2585 Mosquensibus
408 2515 506 2569 antea
532 2524 700 2586 nunquam
728 2501 926 2568 examinatis
961 2501 1009 2566 ita
1037 2501 1207 2585 descripsit
1234 2511 1271 2566 ut
1299 2501 1360 2568 sibi

128 2587 217 2672 leges
243 2590 393 2672 proprias
423 2589 463 2655 de
490 2597 588 2655 textu
617 2587 842 2655 constituendo
869 2589 998 2666 faceret,
1025 2608 1105 2670 quas
1133 2597 1300 2672 sequutus,
1328 2597 1361 2655 et

128 2674 320 2757 posthabitis
343 2676 482 2741 aliorum
509 2677 697 2742 criticorum
722 2673 899 2754 laboribus,
926 2674 993 2739 imo
1015 2674 1094 2739 satis
1120 2674 1282 2740 invidiose
1308 2674 1361 2741 re-

128 2758 279 2842 pudiatis,
307 2762 439 2845 propius
461 2762 503 2827 ad
529 2761 702 2846 vulgarem
722 2761 897 2827 lectionem
925 2760 1062 2826 accessit
1087 2780 1186 2844 quam
1215 2761 1362 2828 virorum

129 2845 297 2912 doctorum
319 2847 388 2914 eius
411 2848 527 2914 aetatis
549 2847 706 2915 iudicium
728 2848 860 2913 ferebat.
895 2845 1077 2930 Vulgatum
1099 2853 1149 2912 est
1170 2867 1251 2930 opus
1272 2847 1361 2912 intra

129 2933 276 2998 sexennii
310 2934 452 3018 spatium
486 2934 655 3000 duodecim
688 2932 909 3000 voluminibus
937 2953 1075 3015 quorum
1107 2932 1361 3016 unumquodque
1437 2951 1440 2955 ·

130 3040 186 3084 suo
210 3019 371 3104 singulari
393 3020 489 3085 titulo
512 3031 665 3086 ornatum
693 3021 785 3086 venit
812 3018 932 3103 absque
963 3039 1100 3082 numero
1129 3019 1247 3084 seriem
1275 3019 1359 3085 refe-

130 3112 229 3170 rente.
251 3107 280 3187 (1
290 3109 349 3168 781
358 3107 442 3191 Epp.
451 3106 536 3173 cath.
547 3109 639 3173 Acta.
653 3107 736 3189 Epp.
749 3105 790 3170 ad
796 3106 891 3170 Rom.
903 3104 966 3169 Tit.
979 3103 1118 3169 Philem.
1130 3104 1235 3170 tribus
1247 3106 1359 3186 tomis;

133 3196 210 3254 1783
235 3192 318 3274 Epp.
342 3191 383 3257 ad
399 3193 510 3273 Oorr.;
534 3197 614 3254 1784
638 3191 706 3257 (111.
731 3200 763 3256 11
784 3193 874 3270 Etr,
897 3191 939 3256 ad
961 3190 1034 3256 Gal.
1059 3191 1144 3274 Eph.
1172 3191 1260 3256 Phil.
1279 3189 1359 3257 duo·

130 3276 188 3343 bus
210 3279 325 3357 tomis;
353 3284 432 3341 1785
456 3280 540 3362 Epp.
563 3279 603 3343 ad
622 3278 736 3343 Thess.
761 3284 794 3342 et
812 3279 894 3343 Tim.
918 3286 951 3342 et
968 3277 1101 3359 Apocal.
1120 3278 1198 3342 item
1217 3276 1343 3344 duobus
1349 3301 1359 3358 ;

133 3367 212 3425 1786
234 3364 280 3428 Io.
305 3371 338 3428 et
358 3365 466 3431 Lucas
488 3364 647 3444 similiter,
666 3364 805 3448 denique
830 3367 910 3426 1788
933 3363 1058 3445 reliqua
1079 3362 1142 3427 duo
1159 3371 1255 3442 eva).
1290 3363 1360 3430 Ad-

127 3448 217 3516 ditur
237 3450 360 3534 ubique
382 3453 488 3516 textui
516 3450 694 3535 archetypo
724 3451 832 3517 versio
859 3449 1005 3533 vulgata,
1034 3450 1070 3512 in
1097 3455 1168 3515 octo
1196 3450 1359 3533 prioribus

130 3536 226 3600 tomis
259 3558 334 3602 oum
367 3538 568 3605 variantibus
601 3538 743 3603 duorum
777 3535 866 3602 codd.
896 3535 1159 3617 Musquensium:
1191 3544 1360 3619 praeterea

127 3623 248 3690 adsunt
268 3621 440 3704 ὑποθέσεις,
462 3624 719 3709 capitulationes,
743 3623 844 3688 series
861 3622 1038 3686 lectionum
1060 3620 1359 3705 ecclesiasticarum,

126 3709 251 3775 scholia
272 3730 391 3794 graeca
411 3711 447 3775 in
474 3709 669 3794 quibusdam
690 3708 784 3774 libris
811 3707 891 3774 satis
915 3707 1033 3790 ampla,
1063 3708 1242 3792 specimina
1271 3709 1359 3775 codi-

127 3815 203 3860 cum
224 3795 326 3863 MSS.
350 3797 501 3879 plurima,
532 3796 773 3880 disquisitiones
801 3815 866 3860 non
888 3813 1010 3877 paucae
1033 3794 1072 3859 de
1094 3795 1173 3861 locis
1193 3795 1357 3880 insignio·

128 3883 219 3948 ribus
241 3904 261 3947 a
282 3884 404 3949 criticis
426 3883 615 3962 sollicitatis,
639 3882 869 3966 prolegomena
890 3880 1065 3962 unicuique
1086 3881 1248 3946 volumini
1264 3903 1359 3964 prae-

130 3967 197 4032 fixa
219 3967 260 4033 de
281 3967 434 4034 subsidiis
455 3976 527 4033 tum
550 3969 645 4034 novis
667 3976 739 4034 tum
762 3966 840 4033 olim
870 3968 935 4032 iam
962 3965 1132 4047 adhibitis,
1162 3974 1359 4052 patrumque

131 4060 162 4118 et
184 4055 467 4139 recentiorumfflin
489 4076 558 4120 rem
587 4055 733 4120 criticam
760 4054 896 4132 meritis,
926 4053 980 4120 vel
1002 4054 1119 4136 potius,
1149 4057 1176 4118 si
1199 4054 1360 4120 editorem

130 4139 281 4221 audieris,
302 4141 510 4207 facinoribus.
555 4141 621 4208 Hic
641 4143 730 4208 1111111
752 4148 897 4207 11111111
919 4139 1058 4206 subinde
1080 4141 1182 4205 atroci
1208 4141 1359 4209 vecordia

129 4226 322 4307 insectatur,
354 4226 534 4313 Origenem
562 4235 672 4294 textus
699 4234 939 4311 corruptorem,
973 4224 1228 4292 Grieshaohium
1256 4228 1359 4312 stupi-

130 4311 209 4378 dum
230 4314 448 4399 ignarumque
471 4315 616 4380 eiusdem
633 4320 897 4392 restauratorem,
920 4333 1034 4378 omnes
1051 4313 1126 4392 fere,
1149 4313 1204 4395 qui
1224 4313 1260 4377 in
1278 4314 1359 4381 alias

130 4398 282 4466 abierunt
298 4408 409 4486 partes
420 4421 518 4485 quam
528 4421 610 4483 quae
627 4400 691 4484 ipsi
702 4399 863 4483 placuere,
881 4419 978 4464 ranas
990 4405 1023 4462 et
1034 4419 1130 4464 canes
1147 4398 1277 4480 salutat,
1296 4399 1358 4467 hoc

130 4487 271 4552 maxime
289 4487 448 4572 gloriatus
465 4487 550 4571 quod
561 4509 657 4552 nemo
669 4485 709 4552 de
727 4507 825 4571 grege
843 4506 1002 4552 novorum
1020 4483 1246 4570 theologorum
1264 4507 1358 4552 suam

129 4592 259 4656 operam
280 4575 409 4656 impuro
438 4595 494 4639 ore
522 4573 818 4657 contumelioseque
839 4572 935 4638 laude
957 4592 1054 4636 ausus
1076 4571 1120 4636 sit
1141 4573 1361 4657 comprobare*
