<?xml version="1.0" encoding="UTF-8"?>
<!DOCTYPE html PUBLIC "-//W3C//DTD XHTML 1.0 Transitional//EN"
    "http://www.w3.org/TR/xhtml1/DTD/xhtml1-transitional.dtd">
<html xmlns="http://www.w3.org/1999/xhtml" xml:lang="en" lang="en">
 <head>
  <title>
</title>
<meta http-equiv="Content-Type" content="text/html;charset=utf-8" />
  <meta name='ocr-system' content='tesseract 3.04.00' />
  <meta name='ocr-capabilities' content='ocr_page ocr_carea ocr_par ocr_line ocrx_word'/>
</head>
<body>
  <div class='ocr_page' id='page_1' title='image "./bibliothecanovi00reusgoog_0136.png"; bbox 0 0 3000 5024; ppageno 0'>
   <div class='ocr_carea' id='block_1_1' title="bbox 93 207 1321 280">
    <p class='ocr_par' dir='ltr' id='par_1_1' title="bbox 93 207 1321 280">
     <span class='ocr_line' id='line_1_1' title="bbox 93 207 1321 280; baseline 0.011 -14"><span class='ocrx_word' id='word_1_1' title='bbox 93 207 120 266; x_wconf 79' lang='lat' dir='ltr'><em>X</em></span> <span class='ocrx_word' id='word_1_2' title='bbox 205 228 209 233; x_wconf 92' lang='lat'>·</span> <span class='ocrx_word' id='word_1_3' title='bbox 461 213 657 272; x_wconf 73' lang='lat' dir='ltr'><strong>samaras</strong></span> <span class='ocrx_word' id='word_1_4' title='bbox 673 212 956 272; x_wconf 74' lang='lat' dir='ltr'><strong>auzavlarsuam</strong></span> <span class='ocrx_word' id='word_1_5' title='bbox 1170 264 1175 271; x_wconf 92' lang='lat'>.</span> <span class='ocrx_word' id='word_1_6' title='bbox 1262 217 1321 280; x_wconf 80' lang='lat'><strong>126</strong></span> 
     </span>
    </p>
   </div>
   <div class='ocr_carea' id='block_1_2' title="bbox 89 380 1323 1070">
    <p class='ocr_par' dir='ltr' id='par_1_2' title="bbox 89 380 1323 1070">
     <span class='ocr_line' id='line_1_2' title="bbox 92 380 1321 483; baseline -0.001 -32"><span class='ocrx_word' id='word_1_7' title='bbox 92 381 190 483; x_wconf 65' lang='lat' dir='ltr'><strong>typos</strong></span> <span class='ocrx_word' id='word_1_8' title='bbox 206 380 267 452; x_wconf 80' lang='lat' dir='ltr'><strong>vix</strong></span> <span class='ocrx_word' id='word_1_9' title='bbox 287 381 389 450; x_wconf 83' lang='lat' dir='ltr'><strong>oeulis</strong></span> <span class='ocrx_word' id='word_1_10' title='bbox 410 381 611 470; x_wconf 80' lang='lat' dir='ltr'>distinguere</span> <span class='ocrx_word' id='word_1_11' title='bbox 632 384 746 468; x_wconf 88' lang='lat' dir='ltr'><strong>possis,</strong></span> <span class='ocrx_word' id='word_1_12' title='bbox 769 390 802 448; x_wconf 90' lang='lat' dir='ltr'><strong>et</strong></span> <span class='ocrx_word' id='word_1_13' title='bbox 824 382 942 449; x_wconf 89' lang='lat' dir='ltr'><strong>ultima</strong></span> <span class='ocrx_word' id='word_1_14' title='bbox 962 403 1060 467; x_wconf 90' lang='lat' dir='ltr'><strong>quam</strong></span> <span class='ocrx_word' id='word_1_15' title='bbox 1081 383 1231 468; x_wconf 73' lang='lat' dir='ltr'>possideo</span> <span class='ocrx_word' id='word_1_16' title='bbox 1252 384 1321 452; x_wconf 92' lang='lat' dir='ltr'><strong>edi-</strong></span> 
     </span>
     <span class='ocr_line' id='line_1_3' title="bbox 91 468 1323 538; baseline 0.003 -4"><span class='ocrx_word' id='word_1_17' title='bbox 91 473 140 534; x_wconf 87' lang='lat' dir='ltr'><strong>tro</strong></span> <span class='ocrx_word' id='word_1_18' title='bbox 172 489 217 534; x_wconf 82' lang='lat' dir='ltr'><strong>ex</strong></span> <span class='ocrx_word' id='word_1_19' title='bbox 244 468 406 536; x_wconf 86' lang='lat' dir='ltr'><strong>saeoulari</strong></span> <span class='ocrx_word' id='word_1_20' title='bbox 436 492 500 538; x_wconf 91' lang='lat' dir='ltr'><strong>usu</strong></span> <span class='ocrx_word' id='word_1_21' title='bbox 526 470 705 536; x_wconf 88' lang='lat' dir='ltr'><strong>formarum</strong></span> <span class='ocrx_word' id='word_1_22' title='bbox 736 469 825 537; x_wconf 88' lang='lat' dir='ltr'><strong>leetu</strong></span> <span class='ocrx_word' id='word_1_23' title='bbox 858 470 1049 536; x_wconf 77' lang='lat' dir='ltr'><strong>difficillima</strong></span> <span class='ocrx_word' id='word_1_24' title='bbox 1080 472 1133 538; x_wconf 83' lang='lat' dir='ltr'><strong>sit</strong></span> <span class='ocrx_word' id='word_1_25' title='bbox 1186 472 1323 538; x_wconf 90' lang='lat' dir='ltr'><strong>Praeter</strong></span> 
     </span>
     <span class='ocr_line' id='line_1_4' title="bbox 91 553 1323 639; baseline 0.003 -19"><span class='ocrx_word' id='word_1_26' title='bbox 91 553 180 621; x_wconf 82' lang='lat' dir='ltr'><strong>hano</strong></span> <span class='ocrx_word' id='word_1_27' title='bbox 201 555 436 639; x_wconf 76' lang='lat' dir='ltr'><strong>praefationem</strong></span> <span class='ocrx_word' id='word_1_28' title='bbox 456 556 541 622; x_wconf 91' lang='lat' dir='ltr'><strong>nihil</strong></span> <span class='ocrx_word' id='word_1_29' title='bbox 562 555 695 622; x_wconf 82' lang='lat' dir='ltr'><strong>additur</strong></span> <span class='ocrx_word' id='word_1_30' title='bbox 714 557 780 622; x_wconf 89' lang='lat' dir='ltr'><strong>nisi</strong></span> <span class='ocrx_word' id='word_1_31' title='bbox 801 562 893 636; x_wconf 81' lang='grc' dir='ltr'><strong><em>πίναξ</em></strong></span> <span class='ocrx_word' id='word_1_32' title='bbox 919 557 1064 623; x_wconf 89' lang='lat' dir='ltr'><strong>looorum</strong></span> <span class='ocrx_word' id='word_1_33' title='bbox 1085 557 1127 624; x_wconf 85' lang='lat' dir='ltr'><strong>V.</strong></span> <span class='ocrx_word' id='word_1_34' title='bbox 1154 558 1191 623; x_wconf 79' lang='grc' dir='ltr'><strong>Τ.</strong></span> <span class='ocrx_word' id='word_1_35' title='bbox 1236 559 1323 624; x_wconf 73' lang='lat' dir='ltr'><strong>Pex-</strong></span> 
     </span>
     <span class='ocr_line' id='line_1_5' title="bbox 91 642 1323 727; baseline 0.006 -23"><span class='ocrx_word' id='word_1_36' title='bbox 91 648 165 706; x_wconf 86' lang='lat' dir='ltr'><strong>tum</strong></span> <span class='ocrx_word' id='word_1_37' title='bbox 198 642 299 709; x_wconf 85' lang='lat' dir='ltr'><strong>habet</strong></span> <span class='ocrx_word' id='word_1_38' title='bbox 325 663 392 707; x_wconf 93' lang='lat' dir='ltr'><strong>non</strong></span> <span class='ocrx_word' id='word_1_39' title='bbox 420 643 559 709; x_wconf 91' lang='lat' dir='ltr'><strong>eundem</strong></span> <span class='ocrx_word' id='word_1_40' title='bbox 586 665 684 727; x_wconf 92' lang='lat' dir='ltr'><strong>quem</strong></span> <span class='ocrx_word' id='word_1_41' title='bbox 711 643 835 727; x_wconf 80' lang='lat' dir='ltr'><strong>priores</strong></span> <span class='ocrx_word' id='word_1_42' title='bbox 862 643 1119 709; x_wconf 82' lang='lat' dir='ltr'><strong>Leusdenianae.</strong></span> <span class='ocrx_word' id='word_1_43' title='bbox 1170 643 1323 711; x_wconf 79' lang='lat' dir='ltr'><strong>Pressius</strong></span> 
     </span>
     <span class='ocr_line' id='line_1_6' title="bbox 91 727 1320 811; baseline 0.003 -19"><span class='ocrx_word' id='word_1_44' title='bbox 91 727 242 811; x_wconf 86' lang='lat' dir='ltr'><strong>sequitur</strong></span> <span class='ocrx_word' id='word_1_45' title='bbox 257 727 499 795; x_wconf 83' lang='lat' dir='ltr'><strong>Elnevirianam</strong></span> <span class='ocrx_word' id='word_1_46' title='bbox 515 729 701 808; x_wconf 80' lang='lat' dir='ltr'><strong>seeundam</strong></span> <span class='ocrx_word' id='word_1_47' title='bbox 720 729 875 796; x_wconf 78' lang='lat' dir='ltr'><strong>terreatis</strong></span> <span class='ocrx_word' id='word_1_48' title='bbox 893 736 1002 795; x_wconf 88' lang='lat' dir='ltr'><strong>tamen</strong></span> <span class='ocrx_word' id='word_1_49' title='bbox 1020 730 1111 796; x_wconf 78' lang='lat' dir='ltr'><strong>vitiis</strong></span> <span class='ocrx_word' id='word_1_50' title='bbox 1128 729 1224 795; x_wconf 88' lang='lat' dir='ltr'><strong>Rom.</strong></span> <span class='ocrx_word' id='word_1_51' title='bbox 1244 736 1272 810; x_wconf 80' lang='lat'><strong>7,</strong></span> <span class='ocrx_word' id='word_1_52' title='bbox 1293 733 1320 796; x_wconf 84' lang='grc'><strong>2.</strong></span> 
     </span>
     <span class='ocr_line' id='line_1_7' title="bbox 90 813 1322 900; baseline 0.003 -22"><span class='ocrx_word' id='word_1_53' title='bbox 90 820 125 878; x_wconf 85' lang='grc'><strong>11</strong></span> <span class='ocrx_word' id='word_1_54' title='bbox 142 813 245 896; x_wconf 85' lang='lat' dir='ltr'><strong>Apoe.</strong></span> <span class='ocrx_word' id='word_1_55' title='bbox 270 819 298 895; x_wconf 85' lang='lat'><strong>3,</strong></span> <span class='ocrx_word' id='word_1_56' title='bbox 325 816 371 878; x_wconf 85' lang='grc'><strong>12.</strong></span> <span class='ocrx_word' id='word_1_57' title='bbox 395 824 427 881; x_wconf 89' lang='grc'><strong>11</strong></span> <span class='ocrx_word' id='word_1_58' title='bbox 449 814 559 880; x_wconf 91' lang='lat' dir='ltr'><strong>addito</strong></span> <span class='ocrx_word' id='word_1_59' title='bbox 580 816 774 900; x_wconf 85' lang='lat' dir='ltr'><strong>glossemate</strong></span> <span class='ocrx_word' id='word_1_60' title='bbox 794 816 876 880; x_wconf 89' lang='lat' dir='ltr'><strong>Lue.</strong></span> <span class='ocrx_word' id='word_1_61' title='bbox 903 820 951 894; x_wconf 88' lang='grc'><strong>10,</strong></span> <span class='ocrx_word' id='word_1_62' title='bbox 975 818 1025 880; x_wconf 81' lang='grc'><strong>12.</strong></span> <span class='ocrx_word' id='word_1_63' title='bbox 1068 815 1238 883; x_wconf 86' lang='lat' dir='ltr'><strong>Masehius</strong></span> <span class='ocrx_word' id='word_1_64' title='bbox 1265 818 1322 900; x_wconf 89' lang='lat' dir='ltr'><strong>qui</strong></span> 
     </span>
     <span class='ocr_line' id='line_1_8' title="bbox 90 898 1321 970; baseline 0.004 -7"><span class='ocrx_word' id='word_1_65' title='bbox 90 904 159 964; x_wconf 87' lang='lat' dir='ltr'><strong>tres</strong></span> <span class='ocrx_word' id='word_1_66' title='bbox 187 898 347 966; x_wconf 91' lang='lat' dir='ltr'><strong>editiones</strong></span> <span class='ocrx_word' id='word_1_67' title='bbox 369 920 530 967; x_wconf 87' lang='lat' dir='ltr'><strong>annorum</strong></span> <span class='ocrx_word' id='word_1_68' title='bbox 561 907 651 966; x_wconf 84' lang='lat'>1716.</span> <span class='ocrx_word' id='word_1_69' title='bbox 679 907 768 964; x_wconf 80' lang='lat'>1751.</span> <span class='ocrx_word' id='word_1_70' title='bbox 795 906 875 964; x_wconf 82' lang='lat'>1765</span> <span class='ocrx_word' id='word_1_71' title='bbox 902 907 1052 968; x_wconf 86' lang='lat' dir='ltr'><strong>reeenset</strong></span> <span class='ocrx_word' id='word_1_72' title='bbox 1073 921 1151 969; x_wconf 85' lang='lat' dir='ltr'><strong>vere</strong></span> <span class='ocrx_word' id='word_1_73' title='bbox 1174 902 1321 970; x_wconf 83' lang='lat' dir='ltr'><strong>diversas</strong></span> 
     </span>
     <span class='ocr_line' id='line_1_9' title="bbox 89 991 965 1070; baseline 0.001 -19"><span class='ocrx_word' id='word_1_74' title='bbox 89 1004 162 1051; x_wconf 85' lang='lat' dir='ltr'><strong>esse</strong></span> <span class='ocrx_word' id='word_1_75' title='bbox 182 991 288 1070; x_wconf 86' lang='lat' dir='ltr'><strong>putot.</strong></span> <span class='ocrx_word' id='word_1_76' title='bbox 961 992 965 1000; x_wconf 82' lang='grc'><strong>“</strong></span> 
     </span>
    </p>
   </div>
   <div class='ocr_carea' id='block_1_3' title="bbox 231 1196 1174 1271">
    <p class='ocr_par' dir='ltr' id='par_1_3' title="bbox 231 1196 1174 1271">
     <span class='ocr_line' id='line_1_10' title="bbox 231 1196 1174 1271; baseline 0.004 -17"><span class='ocrx_word' id='word_1_77' title='bbox 231 1196 305 1258; x_wconf 68' lang='grc'><strong>51*</strong></span> <span class='ocrx_word' id='word_1_78' title='bbox 347 1196 588 1256; x_wconf 78' lang='lat' dir='ltr'>LUENEBURG</span> <span class='ocrx_word' id='word_1_79' title='bbox 609 1198 723 1270; x_wconf 68' lang='grc'><strong>11111911</strong></span> <span class='ocrx_word' id='word_1_80' title='bbox 740 1199 781 1254; x_wconf 89' lang='lat' dir='ltr'><strong>Io.</strong></span> <span class='ocrx_word' id='word_1_81' title='bbox 805 1198 855 1255; x_wconf 79' lang='lat' dir='ltr'><strong>Ge.</strong></span> <span class='ocrx_word' id='word_1_82' title='bbox 874 1200 986 1271; x_wconf 65' lang='lat' dir='ltr'><strong>[appar.</strong></span> <span class='ocrx_word' id='word_1_83' title='bbox 1021 1196 1111 1259; x_wconf 84' lang='lat'><strong>1693.</strong></span> <span class='ocrx_word' id='word_1_84' title='bbox 1146 1197 1174 1259; x_wconf 89' lang='grc'><strong>8.</strong></span> 
     </span>
    </p>
   </div>
   <div class='ocr_carea' id='block_1_4' title="bbox 86 1328 1321 2106">
    <p class='ocr_par' dir='ltr' id='par_1_4' title="bbox 86 1328 1321 2106">
     <span class='ocr_line' id='line_1_11' title="bbox 176 1328 1321 1415; baseline -0.002 -20"><span class='ocrx_word' id='word_1_85' title='bbox 176 1328 289 1395; x_wconf 80' lang='lat' dir='ltr'><strong>Editio</strong></span> <span class='ocrx_word' id='word_1_86' title='bbox 310 1330 632 1415; x_wconf 86' lang='lat' dir='ltr'><strong>graeoo-germaniea</strong></span> <span class='ocrx_word' id='word_1_87' title='bbox 649 1329 793 1396; x_wconf 88' lang='lat' dir='ltr'><strong>Lutheri</strong></span> <span class='ocrx_word' id='word_1_88' title='bbox 815 1330 998 1396; x_wconf 86' lang='lat' dir='ltr'><strong>versionem</strong></span> <span class='ocrx_word' id='word_1_89' title='bbox 1015 1329 1121 1395; x_wconf 85' lang='lat' dir='ltr'><strong>textui</strong></span> <span class='ocrx_word' id='word_1_90' title='bbox 1143 1328 1321 1415; x_wconf 80' lang='lat' dir='ltr'><strong>archetypo</strong></span> 
     </span>
     <span class='ocr_line' id='line_1_12' title="bbox 87 1414 1321 1501; baseline 0.002 -23"><span class='ocrx_word' id='word_1_91' title='bbox 87 1414 125 1478; x_wconf 93' lang='lat' dir='ltr'><strong>in</strong></span> <span class='ocrx_word' id='word_1_92' title='bbox 146 1415 249 1480; x_wconf 86' lang='lat' dir='ltr'><strong>altera</strong></span> <span class='ocrx_word' id='word_1_93' title='bbox 270 1416 409 1501; x_wconf 87' lang='lat' dir='ltr'><strong>iungens</strong></span> <span class='ocrx_word' id='word_1_94' title='bbox 437 1417 598 1482; x_wconf 87' lang='lat' dir='ltr'><strong>oolumne.</strong></span> <span class='ocrx_word' id='word_1_95' title='bbox 643 1417 816 1482; x_wconf 82' lang='lat' dir='ltr'><strong>Praefatur</strong></span> <span class='ocrx_word' id='word_1_96' title='bbox 844 1417 891 1481; x_wconf 93' lang='lat' dir='ltr'><strong>Io.</strong></span> <span class='ocrx_word' id='word_1_97' title='bbox 915 1415 1111 1481; x_wconf 80' lang='lat' dir='ltr'><strong>Winlderus</strong></span> <span class='ocrx_word' id='word_1_98' title='bbox 1139 1423 1251 1498; x_wconf 87' lang='lat' dir='ltr'><strong>pastor</strong></span> <span class='ocrx_word' id='word_1_99' title='bbox 1279 1414 1321 1481; x_wconf 89' lang='lat' dir='ltr'><strong>ad</strong></span> 
     </span>
     <span class='ocr_line' id='line_1_13' title="bbox 88 1497 1321 1587; baseline 0 -21"><span class='ocrx_word' id='word_1_100' title='bbox 88 1497 124 1566; x_wconf 75' lang='lat' dir='ltr'><strong>S.</strong></span> <span class='ocrx_word' id='word_1_101' title='bbox 142 1501 316 1568; x_wconf 84' lang='lat' dir='ltr'><strong>Miehaelis</strong></span> <span class='ocrx_word' id='word_1_102' title='bbox 332 1501 606 1587; x_wconf 88' lang='lat' dir='ltr'><strong>Hamburgensis,</strong></span> <span class='ocrx_word' id='word_1_103' title='bbox 629 1502 723 1568; x_wconf 89' lang='lat' dir='ltr'><strong>ouius</strong></span> <span class='ocrx_word' id='word_1_104' title='bbox 740 1502 846 1569; x_wconf 77' lang='lat' dir='ltr'><strong>vitam</strong></span> <span class='ocrx_word' id='word_1_105' title='bbox 866 1503 920 1568; x_wconf 82' lang='lat' dir='ltr'><strong>vir</strong></span> <span class='ocrx_word' id='word_1_106' title='bbox 938 1502 1145 1568; x_wconf 73' lang='lat' dir='ltr'><strong>doctissimus</strong></span> <span class='ocrx_word' id='word_1_107' title='bbox 1162 1501 1209 1568; x_wconf 90' lang='lat' dir='ltr'><strong>Io.</strong></span> <span class='ocrx_word' id='word_1_108' title='bbox 1228 1500 1321 1567; x_wconf 84' lang='lat' dir='ltr'><strong>Geff·</strong></span> 
     </span>
     <span class='ocr_line' id='line_1_14' title="bbox 87 1585 1321 1673; baseline 0.001 -20"><span class='ocrx_word' id='word_1_109' title='bbox 87 1585 174 1653; x_wconf 86' lang='lat' dir='ltr'><strong>eken</strong></span> <span class='ocrx_word' id='word_1_110' title='bbox 207 1587 354 1654; x_wconf 90' lang='lat' dir='ltr'><strong>eiusdem</strong></span> <span class='ocrx_word' id='word_1_111' title='bbox 387 1588 542 1654; x_wconf 89' lang='lat' dir='ltr'><strong>eoelesiae</strong></span> <span class='ocrx_word' id='word_1_112' title='bbox 568 1598 680 1673; x_wconf 89' lang='lat' dir='ltr'><strong>pastor</strong></span> <span class='ocrx_word' id='word_1_113' title='bbox 706 1609 813 1671; x_wconf 89' lang='lat' dir='ltr'><strong>nuper</strong></span> <span class='ocrx_word' id='word_1_114' title='bbox 838 1588 943 1654; x_wconf 87' lang='lat' dir='ltr'><strong>literis</strong></span> <span class='ocrx_word' id='word_1_115' title='bbox 975 1595 1009 1654; x_wconf 94' lang='lat' dir='ltr'><strong>et</strong></span> <span class='ocrx_word' id='word_1_116' title='bbox 1040 1589 1153 1654; x_wconf 88' lang='lat' dir='ltr'><strong>amieis</strong></span> <span class='ocrx_word' id='word_1_117' title='bbox 1189 1594 1321 1672; x_wconf 89' lang='lat' dir='ltr'><strong>ereptus</strong></span> 
     </span>
     <span class='ocr_line' id='line_1_15' title="bbox 87 1673 1321 1756; baseline 0.001 -17"><span class='ocrx_word' id='word_1_118' title='bbox 87 1674 244 1756; x_wconf 75' lang='lat' dir='ltr'><strong>scriptam</strong></span> <span class='ocrx_word' id='word_1_119' title='bbox 266 1674 375 1751; x_wconf 81' lang='lat' dir='ltr'><strong>edidit.</strong></span> <span class='ocrx_word' id='word_1_120' title='bbox 409 1676 552 1740; x_wconf 73' lang='lat' dir='ltr'><strong>Portum</strong></span> <span class='ocrx_word' id='word_1_121' title='bbox 570 1673 676 1739; x_wconf 90' lang='lat' dir='ltr'><strong>editor</strong></span> <span class='ocrx_word' id='word_1_122' title='bbox 698 1675 947 1740; x_wconf 81' lang='lat' dir='ltr'><strong>describendum</strong></span> <span class='ocrx_word' id='word_1_123' title='bbox 965 1679 1092 1741; x_wconf 79' lang='lat' dir='ltr'><strong>curavit</strong></span> <span class='ocrx_word' id='word_1_124' title='bbox 1113 1696 1156 1740; x_wconf 87' lang='lat' dir='ltr'><strong>ex</strong></span> <span class='ocrx_word' id='word_1_125' title='bbox 1177 1674 1321 1740; x_wconf 85' lang='lat' dir='ltr'><strong>editione</strong></span> 
     </span>
     <span class='ocr_line' id='line_1_16' title="bbox 86 1758 1320 1847; baseline 0 -21"><span class='ocrx_word' id='word_1_126' title='bbox 86 1758 328 1844; x_wconf 86' lang='lat' dir='ltr'><strong>Reehenbergii</strong></span> <span class='ocrx_word' id='word_1_127' title='bbox 355 1759 485 1826; x_wconf 90' lang='lat' dir='ltr'><strong>biennio</strong></span> <span class='ocrx_word' id='word_1_128' title='bbox 507 1769 606 1826; x_wconf 85' lang='lat' dir='ltr'><strong>antea</strong></span> <span class='ocrx_word' id='word_1_129' title='bbox 632 1761 669 1825; x_wconf 90' lang='lat' dir='ltr'><strong>in</strong></span> <span class='ocrx_word' id='word_1_130' title='bbox 691 1761 804 1826; x_wconf 89' lang='lat' dir='ltr'><strong>eadem</strong></span> <span class='ocrx_word' id='word_1_131' title='bbox 826 1761 914 1826; x_wconf 88' lang='lat' dir='ltr'><strong>urbe-</strong></span> <span class='ocrx_word' id='word_1_132' title='bbox 935 1780 1056 1826; x_wconf 82' lang='lat' dir='ltr'><strong>extusa</strong></span> <span class='ocrx_word' id='word_1_133' title='bbox 1084 1759 1138 1847; x_wconf 88' lang='lat' dir='ltr'><strong>(de</strong></span> <span class='ocrx_word' id='word_1_134' title='bbox 1158 1783 1224 1845; x_wconf 89' lang='lat' dir='ltr'><strong>qua</strong></span> <span class='ocrx_word' id='word_1_135' title='bbox 1245 1760 1320 1828; x_wconf 77' lang='lat' dir='ltr'><strong>ride</strong></span> 
     </span>
     <span class='ocr_line' id='line_1_17' title="bbox 88 1845 1317 1932; baseline 0.003 -24"><span class='ocrx_word' id='word_1_136' title='bbox 88 1847 155 1930; x_wconf 69' lang='grc'><strong>11.</strong></span> <span class='ocrx_word' id='word_1_137' title='bbox 179 1847 220 1911; x_wconf 87' lang='lat' dir='ltr'><strong>N.</strong></span> <span class='ocrx_word' id='word_1_138' title='bbox 243 1845 278 1932; x_wconf 86' lang='lat'><strong>3)</strong></span> <span class='ocrx_word' id='word_1_139' title='bbox 301 1846 393 1914; x_wconf 87' lang='lat' dir='ltr'><strong>euius</strong></span> <span class='ocrx_word' id='word_1_140' title='bbox 411 1847 567 1912; x_wconf 89' lang='lat' dir='ltr'><strong>leetiones</strong></span> <span class='ocrx_word' id='word_1_141' title='bbox 588 1847 769 1930; x_wconf 89' lang='lat' dir='ltr'><strong>peeuliares</strong></span> <span class='ocrx_word' id='word_1_142' title='bbox 791 1845 934 1932; x_wconf 90' lang='lat' dir='ltr'><strong>adeoque</strong></span> <span class='ocrx_word' id='word_1_143' title='bbox 956 1848 1075 1913; x_wconf 88' lang='lat' dir='ltr'><strong>vitium</strong></span> <span class='ocrx_word' id='word_1_144' title='bbox 1095 1848 1176 1914; x_wconf 85' lang='lat' dir='ltr'><strong>Lue.</strong></span> <span class='ocrx_word' id='word_1_145' title='bbox 1208 1852 1236 1927; x_wconf 90' lang='lat'><strong>8,</strong></span> <span class='ocrx_word' id='word_1_146' title='bbox 1268 1850 1317 1912; x_wconf 79' lang='lat'><strong>24.</strong></span> 
     </span>
     <span class='ocr_line' id='line_1_18' title="bbox 88 1930 1317 2014; baseline 0.002 -18"><span class='ocrx_word' id='word_1_147' title='bbox 88 1932 199 1997; x_wconf 91' lang='lat' dir='ltr'><strong>ethio</strong></span> <span class='ocrx_word' id='word_1_148' title='bbox 220 1930 348 1998; x_wconf 87' lang='lat' dir='ltr'><strong>adsunt.</strong></span> <span class='ocrx_word' id='word_1_149' title='bbox 383 1933 516 1999; x_wconf 80' lang='lat' dir='ltr'><strong>Deserit</strong></span> <span class='ocrx_word' id='word_1_150' title='bbox 536 1932 672 1998; x_wconf 90' lang='lat' dir='ltr'><strong>eandem</strong></span> <span class='ocrx_word' id='word_1_151' title='bbox 694 1931 812 1998; x_wconf 89' lang='lat' dir='ltr'><strong>Matth.</strong></span> <span class='ocrx_word' id='word_1_152' title='bbox 836 1937 864 2011; x_wconf 89' lang='grc'><strong>6,</strong></span> <span class='ocrx_word' id='word_1_153' title='bbox 889 1938 916 1998; x_wconf 86' lang='grc'><strong>6.</strong></span> <span class='ocrx_word' id='word_1_154' title='bbox 939 1941 1056 2014; x_wconf 80' lang='grc' dir='ltr'><strong><em>ταμεῖον</em></strong></span> <span class='ocrx_word' id='word_1_155' title='bbox 1076 1953 1152 1999; x_wconf 91' lang='lat' dir='ltr'><strong>oum</strong></span> <span class='ocrx_word' id='word_1_156' title='bbox 1169 1934 1317 2012; x_wconf 83' lang='lat' dir='ltr'><strong>Erasmo‚</strong></span> 
     </span>
     <span class='ocr_line' id='line_1_19' title="bbox 88 2017 1316 2106; baseline 0 -23"><span class='ocrx_word' id='word_1_157' title='bbox 88 2017 184 2083; x_wconf 87' lang='lat' dir='ltr'><strong>Rom.</strong></span> <span class='ocrx_word' id='word_1_158' title='bbox 212 2021 260 2099; x_wconf 80' lang='grc'><strong>12,</strong></span> <span class='ocrx_word' id='word_1_159' title='bbox 293 2021 461 2106; x_wconf 58' lang='grc'><strong>11111111</strong></span> <span class='ocrx_word' id='word_1_160' title='bbox 487 2039 562 2085; x_wconf 90' lang='lat' dir='ltr'><strong>eum</strong></span> <span class='ocrx_word' id='word_1_161' title='bbox 588 2019 701 2085; x_wconf 91' lang='lat' dir='ltr'><strong>eodem</strong></span> <span class='ocrx_word' id='word_1_162' title='bbox 729 2026 762 2084; x_wconf 92' lang='lat' dir='ltr'><strong>et</strong></span> <span class='ocrx_word' id='word_1_163' title='bbox 787 2018 935 2085; x_wconf 67' lang='lat' dir='ltr'><strong>liuthero</strong></span> <span class='ocrx_word' id='word_1_164' title='bbox 964 2019 1116 2086; x_wconf 82' lang='lat' dir='ltr'><strong>scribens.</strong></span> <span class='ocrx_word' id='word_1_165' title='bbox 1162 2020 1213 2105; x_wconf 86' lang='lat' dir='ltr'><strong>(P.</strong></span> <span class='ocrx_word' id='word_1_166' title='bbox 1245 2022 1316 2084; x_wconf 82' lang='grc'><strong>271.</strong></span> 
     </span>
    </p>
   </div>
   <div class='ocr_carea' id='block_1_5' title="bbox 87 2103 197 2187">
    <p class='ocr_par' dir='ltr' id='par_1_5' title="bbox 87 2103 197 2187">
     <span class='ocr_line' id='line_1_20' title="bbox 87 2103 197 2187; baseline -0.018 -18"><span class='ocrx_word' id='word_1_167' title='bbox 87 2103 128 2170; x_wconf 86' lang='grc'><strong>1.</strong></span> <span class='ocrx_word' id='word_1_168' title='bbox 152 2104 197 2187; x_wconf 84' lang='lat'><strong>4).</strong></span> 
     </span>
    </p>
   </div>
   <div class='ocr_carea' id='block_1_6' title="bbox 88 2314 1316 2390">
    <p class='ocr_par' dir='ltr' id='par_1_6' title="bbox 88 2314 1316 2390">
     <span class='ocr_line' id='line_1_21' title="bbox 88 2314 1316 2390; baseline 0.003 -16"><span class='ocrx_word' id='word_1_169' title='bbox 88 2315 162 2378; x_wconf 78' lang='lat' dir='ltr'><strong>aa*</strong></span> <span class='ocrx_word' id='word_1_170' title='bbox 204 2315 360 2375; x_wconf 76' lang='lat' dir='ltr'><strong>uusmu</strong></span> <span class='ocrx_word' id='word_1_171' title='bbox 381 2335 427 2390; x_wconf 70' lang='lat' dir='ltr'><strong>ap.</strong></span> <span class='ocrx_word' id='word_1_172' title='bbox 444 2318 559 2375; x_wconf 70' lang='lat' dir='ltr'><strong>aetam</strong></span> <span class='ocrx_word' id='word_1_173' title='bbox 575 2318 617 2374; x_wconf 88' lang='lat'><strong>10.</strong></span> <span class='ocrx_word' id='word_1_174' title='bbox 635 2316 862 2390; x_wconf 57' lang='grc'><strong>1111111111</strong></span> <span class='ocrx_word' id='word_1_175' title='bbox 879 2318 905 2373; x_wconf 84' lang='lat' dir='ltr'><strong>r.</strong></span> <span class='ocrx_word' id='word_1_176' title='bbox 924 2318 965 2375; x_wconf 78' lang='grc' dir='ltr'><strong>Η.</strong></span> <span class='ocrx_word' id='word_1_177' title='bbox 981 2318 1114 2374; x_wconf 64' lang='lat' dir='ltr'><strong>eaeor.</strong></span> <span class='ocrx_word' id='word_1_178' title='bbox 1152 2315 1241 2376; x_wconf 79' lang='grc'><strong>1111.</strong></span> <span class='ocrx_word' id='word_1_179' title='bbox 1269 2314 1316 2378; x_wconf 82' lang='grc'><strong>11.</strong></span> 
     </span>
    </p>
   </div>
   <div class='ocr_carea' id='block_1_7' title="bbox 83 2449 1317 2966">
    <p class='ocr_par' dir='ltr' id='par_1_7' title="bbox 83 2449 1317 2966">
     <span class='ocr_line' id='line_1_22' title="bbox 171 2449 1317 2536; baseline -0.001 -19"><span class='ocrx_word' id='word_1_180' title='bbox 171 2451 266 2517; x_wconf 84' lang='lat' dir='ltr'><strong>Haeo</strong></span> <span class='ocrx_word' id='word_1_181' title='bbox 286 2472 328 2516; x_wconf 83' lang='lat' dir='ltr'><strong>ex</strong></span> <span class='ocrx_word' id='word_1_182' title='bbox 349 2451 504 2536; x_wconf 88' lang='lat' dir='ltr'><strong>temporis</strong></span> <span class='ocrx_word' id='word_1_183' title='bbox 525 2450 653 2516; x_wconf 91' lang='lat' dir='ltr'><strong>ratione</strong></span> <span class='ocrx_word' id='word_1_184' title='bbox 674 2451 772 2517; x_wconf 87' lang='lat' dir='ltr'><strong>tertia</strong></span> <span class='ocrx_word' id='word_1_185' title='bbox 792 2449 892 2516; x_wconf 89' lang='lat' dir='ltr'><strong>editio</strong></span> <span class='ocrx_word' id='word_1_186' title='bbox 918 2456 969 2516; x_wconf 92' lang='lat' dir='ltr'><strong>est</strong></span> <span class='ocrx_word' id='word_1_187' title='bbox 989 2472 1072 2534; x_wconf 85' lang='lat' dir='ltr'><strong>quae</strong></span> <span class='ocrx_word' id='word_1_188' title='bbox 1093 2452 1134 2516; x_wconf 80' lang='lat' dir='ltr'><strong>A.</strong></span> <span class='ocrx_word' id='word_1_189' title='bbox 1164 2450 1317 2516; x_wconf 91' lang='lat' dir='ltr'><strong>Reohen·</strong></span> 
     </span>
     <span class='ocr_line' id='line_1_23' title="bbox 86 2535 1316 2622; baseline 0.001 -20"><span class='ocrx_word' id='word_1_190' title='bbox 86 2535 192 2622; x_wconf 85' lang='lat' dir='ltr'><strong>bergii</strong></span> <span class='ocrx_word' id='word_1_191' title='bbox 217 2537 408 2621; x_wconf 88' lang='lat' dir='ltr'><strong>professoris</strong></span> <span class='ocrx_word' id='word_1_192' title='bbox 429 2537 613 2621; x_wconf 88' lang='lat' dir='ltr'><strong>Lipsiensis</strong></span> <span class='ocrx_word' id='word_1_193' title='bbox 634 2537 836 2621; x_wconf 80' lang='lat' dir='ltr'><strong>praefatione</strong></span> <span class='ocrx_word' id='word_1_194' title='bbox 857 2537 1022 2603; x_wconf 86' lang='lat' dir='ltr'><strong>studiosae</strong></span> <span class='ocrx_word' id='word_1_195' title='bbox 1043 2538 1207 2604; x_wconf 88' lang='lat' dir='ltr'><strong>iuventuti</strong></span> <span class='ocrx_word' id='word_1_196' title='bbox 1229 2559 1316 2603; x_wconf 89' lang='lat' dir='ltr'><strong>oom-</strong></span> 
     </span>
     <span class='ocr_line' id='line_1_24' title="bbox 84 2623 1314 2708; baseline 0.001 -21"><span class='ocrx_word' id='word_1_197' title='bbox 84 2623 269 2689; x_wconf 89' lang='lat' dir='ltr'><strong>mendatur.</strong></span> <span class='ocrx_word' id='word_1_198' title='bbox 313 2624 445 2690; x_wconf 88' lang='lat' dir='ltr'><strong>Priores</strong></span> <span class='ocrx_word' id='word_1_199' title='bbox 465 2624 547 2690; x_wconf 85' lang='lat' dir='ltr'><strong>duas</strong></span> <span class='ocrx_word' id='word_1_200' title='bbox 569 2623 611 2689; x_wconf 89' lang='lat' dir='ltr'><strong>ad</strong></span> <span class='ocrx_word' id='word_1_201' title='bbox 633 2624 732 2689; x_wconf 88' lang='lat' dir='ltr'><strong>aliam</strong></span> <span class='ocrx_word' id='word_1_202' title='bbox 753 2623 891 2689; x_wconf 80' lang='lat' dir='ltr'><strong>edessem</strong></span> <span class='ocrx_word' id='word_1_203' title='bbox 920 2624 1019 2688; x_wconf 91' lang='lat' dir='ltr'><strong>retuli</strong></span> <span class='ocrx_word' id='word_1_204' title='bbox 1046 2624 1076 2708; x_wconf 68' lang='grc' dir='ltr'><strong>(ξ</strong></span> <span class='ocrx_word' id='word_1_205' title='bbox 1100 2630 1128 2688; x_wconf 82' lang='grc'><strong>5.</strong></span> <span class='ocrx_word' id='word_1_206' title='bbox 1150 2624 1192 2690; x_wconf 87' lang='lat' dir='ltr'><strong>N.</strong></span> <span class='ocrx_word' id='word_1_207' title='bbox 1218 2628 1245 2690; x_wconf 82' lang='lat'><strong>3.</strong></span> <span class='ocrx_word' id='word_1_208' title='bbox 1270 2624 1314 2707; x_wconf 90' lang='grc'><strong>4).</strong></span> 
     </span>
     <span class='ocr_line' id='line_1_25' title="bbox 84 2706 1315 2794; baseline -0.001 -19"><span class='ocrx_word' id='word_1_209' title='bbox 84 2708 206 2776; x_wconf 88' lang='lat' dir='ltr'><strong>Nostra</strong></span> <span class='ocrx_word' id='word_1_210' title='bbox 232 2706 363 2776; x_wconf 92' lang='lat' dir='ltr'><strong>demum</strong></span> <span class='ocrx_word' id='word_1_211' title='bbox 385 2707 617 2777; x_wconf 83' lang='lat' dir='ltr'><strong>Leusdeniana</strong></span> <span class='ocrx_word' id='word_1_212' title='bbox 644 2711 739 2794; x_wconf 86' lang='lat' dir='ltr'><strong>signa</strong></span> <span class='ocrx_word' id='word_1_213' title='bbox 762 2711 869 2773; x_wconf 82' lang='lat' dir='ltr'><strong>textui</strong></span> <span class='ocrx_word' id='word_1_214' title='bbox 897 2709 996 2777; x_wconf 87' lang='lat' dir='ltr'><strong>addit.</strong></span> <span class='ocrx_word' id='word_1_215' title='bbox 1042 2710 1220 2776; x_wconf 74' lang='lat' dir='ltr'><strong>Caeterum</strong></span> <span class='ocrx_word' id='word_1_216' title='bbox 1244 2710 1315 2793; x_wconf 93' lang='lat' dir='ltr'><strong>ipse</strong></span> 
     </span>
     <span class='ocr_line' id='line_1_26' title="bbox 84 2794 1315 2864; baseline 0.001 -4"><span class='ocrx_word' id='word_1_217' title='bbox 84 2801 205 2861; x_wconf 82' lang='lat' dir='ltr'><strong>textus</strong></span> <span class='ocrx_word' id='word_1_218' title='bbox 224 2817 244 2862; x_wconf 93' lang='lat' dir='ltr'><strong>e</strong></span> <span class='ocrx_word' id='word_1_219' title='bbox 264 2797 406 2863; x_wconf 87' lang='lat' dir='ltr'><strong>seeunda</strong></span> <span class='ocrx_word' id='word_1_220' title='bbox 427 2797 612 2864; x_wconf 86' lang='lat' dir='ltr'><strong>invariatus</strong></span> <span class='ocrx_word' id='word_1_221' title='bbox 639 2796 676 2861; x_wconf 93' lang='lat' dir='ltr'><strong>in</strong></span> <span class='ocrx_word' id='word_1_222' title='bbox 702 2795 789 2862; x_wconf 87' lang='lat' dir='ltr'><strong>hano</strong></span> <span class='ocrx_word' id='word_1_223' title='bbox 816 2797 955 2862; x_wconf 90' lang='lat' dir='ltr'><strong>transiit.</strong></span> <span class='ocrx_word' id='word_1_224' title='bbox 1001 2794 1051 2863; x_wconf 82' lang='grc'><strong>01.</strong></span> <span class='ocrx_word' id='word_1_225' title='bbox 1082 2796 1122 2862; x_wconf 91' lang='lat' dir='ltr'><strong>de</strong></span> <span class='ocrx_word' id='word_1_226' title='bbox 1150 2796 1203 2862; x_wconf 89' lang='lat' dir='ltr'><strong>his</strong></span> <span class='ocrx_word' id='word_1_227' title='bbox 1230 2796 1315 2862; x_wconf 86' lang='lat' dir='ltr'><strong>Lor-</strong></span> 
     </span>
     <span class='ocr_line' id='line_1_27' title="bbox 83 2880 974 2966; baseline 0.001 -18"><span class='ocrx_word' id='word_1_228' title='bbox 83 2880 195 2949; x_wconf 85' lang='lat' dir='ltr'><strong>okium</strong></span> <span class='ocrx_word' id='word_1_229' title='bbox 217 2881 291 2951; x_wconf 76' lang='lat' dir='ltr'><strong>Ba.</strong></span> <span class='ocrx_word' id='word_1_230' title='bbox 314 2883 359 2949; x_wconf 91' lang='grc' dir='ltr'><strong>Π.</strong></span> <span class='ocrx_word' id='word_1_231' title='bbox 384 2887 444 2946; x_wconf 84' lang='grc'><strong>469</strong></span> <span class='ocrx_word' id='word_1_232' title='bbox 469 2883 560 2950; x_wconf 87' lang='lat' dir='ltr'><strong>euius</strong></span> <span class='ocrx_word' id='word_1_233' title='bbox 582 2882 749 2966; x_wconf 85' lang='lat' dir='ltr'><strong>exemplar</strong></span> <span class='ocrx_word' id='word_1_234' title='bbox 770 2903 882 2948; x_wconf 91' lang='lat' dir='ltr'><strong>meum</strong></span> <span class='ocrx_word' id='word_1_235' title='bbox 903 2882 974 2949; x_wconf 88' lang='lat' dir='ltr'><strong>feei.</strong></span> 
     </span>
    </p>
   </div>
   <div class='ocr_carea' id='block_1_8' title="bbox 84 3091 1313 3166">
    <p class='ocr_par' dir='ltr' id='par_1_8' title="bbox 84 3091 1313 3166">
     <span class='ocr_line' id='line_1_28' title="bbox 84 3091 1313 3166; baseline -0.001 -14"><span class='ocrx_word' id='word_1_236' title='bbox 84 3091 158 3155; x_wconf 77' lang='lat' dir='ltr'><strong>aa·</strong></span> <span class='ocrx_word' id='word_1_237' title='bbox 200 3092 356 3152; x_wconf 74' lang='grc'><strong>11111111</strong></span> <span class='ocrx_word' id='word_1_238' title='bbox 373 3112 421 3166; x_wconf 74' lang='lat' dir='ltr'><strong>ap.</strong></span> <span class='ocrx_word' id='word_1_239' title='bbox 438 3095 552 3150; x_wconf 70' lang='lat' dir='ltr'><strong>eatan</strong></span> <span class='ocrx_word' id='word_1_240' title='bbox 569 3096 610 3153; x_wconf 78' lang='grc' dir='ltr'><strong>ιο.</strong></span> <span class='ocrx_word' id='word_1_241' title='bbox 628 3095 857 3166; x_wconf 57' lang='grc'><strong>1111111111</strong></span> <span class='ocrx_word' id='word_1_242' title='bbox 874 3096 899 3151; x_wconf 88' lang='lat'><strong>1.</strong></span> <span class='ocrx_word' id='word_1_243' title='bbox 917 3096 954 3152; x_wconf 82' lang='lat' dir='ltr'><strong>e.</strong></span> <span class='ocrx_word' id='word_1_244' title='bbox 972 3096 1104 3152; x_wconf 65' lang='grc'><strong>11111</strong></span> <span class='ocrx_word' id='word_1_245' title='bbox 1142 3093 1232 3154; x_wconf 80' lang='lat'><strong>1709.</strong></span> <span class='ocrx_word' id='word_1_246' title='bbox 1265 3091 1313 3151; x_wconf 83' lang='grc'><strong>11.</strong></span> 
     </span>
    </p>
   </div>
   <div class='ocr_carea' id='block_1_9' title="bbox 80 3226 1314 3555">
    <p class='ocr_par' dir='ltr' id='par_1_9' title="bbox 80 3226 1314 3555">
     <span class='ocr_line' id='line_1_29' title="bbox 167 3226 1314 3313; baseline 0 -21"><span class='ocrx_word' id='word_1_247' title='bbox 167 3227 257 3294; x_wconf 89' lang='lat' dir='ltr'><strong>Huie</strong></span> <span class='ocrx_word' id='word_1_248' title='bbox 278 3232 414 3311; x_wconf 87' lang='lat' dir='ltr'><strong>quartae</strong></span> <span class='ocrx_word' id='word_1_249' title='bbox 434 3226 746 3313; x_wconf 85' lang='lat' dir='ltr'><strong>Reehenbergianae</strong></span> <span class='ocrx_word' id='word_1_250' title='bbox 775 3228 812 3293; x_wconf 92' lang='lat' dir='ltr'><strong>in</strong></span> <span class='ocrx_word' id='word_1_251' title='bbox 832 3229 983 3313; x_wconf 84' lang='lat' dir='ltr'><strong>margine</strong></span> <span class='ocrx_word' id='word_1_252' title='bbox 1004 3228 1157 3293; x_wconf 89' lang='lat' dir='ltr'><strong>inferiore</strong></span> <span class='ocrx_word' id='word_1_253' title='bbox 1184 3227 1314 3293; x_wconf 85' lang='lat' dir='ltr'><strong>v&#39;arian·</strong></span> 
     </span>
     <span class='ocr_line' id='line_1_30' title="bbox 80 3311 1314 3382; baseline -0.002 -2"><span class='ocrx_word' id='word_1_254' title='bbox 80 3319 131 3380; x_wconf 88' lang='lat' dir='ltr'><strong>tes</strong></span> <span class='ocrx_word' id='word_1_255' title='bbox 153 3313 331 3379; x_wconf 76' lang='lat' dir='ltr'><strong>nonnullas</strong></span> <span class='ocrx_word' id='word_1_256' title='bbox 350 3313 505 3380; x_wconf 80' lang='lat' dir='ltr'><strong>lectiones</strong></span> <span class='ocrx_word' id='word_1_257' title='bbox 527 3336 570 3379; x_wconf 86' lang='lat' dir='ltr'><strong>ex</strong></span> <span class='ocrx_word' id='word_1_258' title='bbox 592 3314 665 3380; x_wconf 89' lang='lat' dir='ltr'><strong>aliis</strong></span> <span class='ocrx_word' id='word_1_259' title='bbox 687 3313 885 3381; x_wconf 87' lang='lat' dir='ltr'><strong>editionibus</strong></span> <span class='ocrx_word' id='word_1_260' title='bbox 903 3315 1053 3382; x_wconf 87' lang='lat' dir='ltr'><strong>eolleetas</strong></span> <span class='ocrx_word' id='word_1_261' title='bbox 1071 3313 1228 3380; x_wconf 87' lang='lat' dir='ltr'><strong>suadente</strong></span> <span class='ocrx_word' id='word_1_262' title='bbox 1246 3311 1314 3378; x_wconf 91' lang='lat' dir='ltr'><strong>edi-</strong></span> 
     </span>
     <span class='ocr_line' id='line_1_31' title="bbox 80 3398 1314 3485; baseline -0.002 -20"><span class='ocrx_word' id='word_1_263' title='bbox 80 3408 152 3465; x_wconf 86' lang='lat' dir='ltr'><strong>tore</strong></span> <span class='ocrx_word' id='word_1_264' title='bbox 175 3399 302 3466; x_wconf 87' lang='lat' dir='ltr'><strong>addidit</strong></span> <span class='ocrx_word' id='word_1_265' title='bbox 324 3398 490 3484; x_wconf 82' lang='lat' dir='ltr'><strong>Georgius</strong></span> <span class='ocrx_word' id='word_1_266' title='bbox 511 3399 747 3466; x_wconf 87' lang='lat' dir='ltr'><strong>Behrnauerue</strong></span> <span class='ocrx_word' id='word_1_267' title='bbox 772 3401 865 3468; x_wconf 89' lang='lat' dir='ltr'><strong>euius</strong></span> <span class='ocrx_word' id='word_1_268' title='bbox 888 3422 987 3485; x_wconf 88' lang='lat' dir='ltr'><strong>opera</strong></span> <span class='ocrx_word' id='word_1_269' title='bbox 1008 3403 1044 3465; x_wconf 91' lang='lat' dir='ltr'><strong>in</strong></span> <span class='ocrx_word' id='word_1_270' title='bbox 1072 3420 1161 3466; x_wconf 89' lang='lat' dir='ltr'><strong>nova</strong></span> <span class='ocrx_word' id='word_1_271' title='bbox 1188 3399 1314 3483; x_wconf 89' lang='lat' dir='ltr'><strong>praefa-</strong></span> 
     </span>
     <span class='ocr_line' id='line_1_32' title="bbox 80 3485 1159 3555; baseline 0.001 -3"><span class='ocrx_word' id='word_1_272' title='bbox 80 3486 172 3552; x_wconf 91' lang='lat' dir='ltr'><strong>tione</strong></span> <span class='ocrx_word' id='word_1_273' title='bbox 192 3485 327 3552; x_wconf 90' lang='lat' dir='ltr'><strong>leeturis</strong></span> <span class='ocrx_word' id='word_1_274' title='bbox 348 3486 604 3552; x_wconf 89' lang='lat' dir='ltr'><strong>oommendatur.</strong></span> <span class='ocrx_word' id='word_1_275' title='bbox 649 3485 788 3554; x_wconf 83' lang='lat' dir='ltr'><strong>antere</strong></span> <span class='ocrx_word' id='word_1_276' title='bbox 810 3489 933 3555; x_wconf 85' lang='lat' dir='ltr'><strong>intaeta</strong></span> <span class='ocrx_word' id='word_1_277' title='bbox 957 3494 1159 3554; x_wconf 85' lang='lat' dir='ltr'><strong>manserunt</strong></span> 
     </span>
    </p>
   </div>
   <div class='ocr_carea' id='block_1_10' title="bbox 275 3697 1119 3772">
    <p class='ocr_par' dir='ltr' id='par_1_10' title="bbox 275 3697 1119 3772">
     <span class='ocr_line' id='line_1_33' title="bbox 275 3697 1119 3772; baseline 0.006 -16"><span class='ocrx_word' id='word_1_278' title='bbox 275 3697 349 3760; x_wconf 55' lang='lat'><strong>57!</strong></span> <span class='ocrx_word' id='word_1_279' title='bbox 390 3698 546 3756; x_wconf 81' lang='lat' dir='ltr'><strong>LIPSIAE</strong></span> <span class='ocrx_word' id='word_1_280' title='bbox 563 3717 596 3758; x_wconf 80' lang='lat' dir='ltr'><strong>ea</strong></span> <span class='ocrx_word' id='word_1_281' title='bbox 613 3702 727 3772; x_wconf 70' lang='lat' dir='ltr'><strong>officina</strong></span> <span class='ocrx_word' id='word_1_282' title='bbox 744 3702 906 3758; x_wconf 76' lang='lat' dir='ltr'><strong>Heiaaiaaa.</strong></span> <span class='ocrx_word' id='word_1_283' title='bbox 945 3699 1032 3763; x_wconf 80' lang='lat'><strong>1736.</strong></span> <span class='ocrx_word' id='word_1_284' title='bbox 1071 3699 1119 3762; x_wconf 88' lang='grc'><strong>12.</strong></span> 
     </span>
    </p>
   </div>
   <div class='ocr_carea' id='block_1_11' title="bbox 78 3806 1336 4096">
    <p class='ocr_par' dir='ltr' id='par_1_11' title="bbox 78 3806 1336 4096">
     <span class='ocr_line' id='line_1_34' title="bbox 169 3806 1336 3920; baseline 0.001 -23"><span class='ocrx_word' id='word_1_285' title='bbox 169 3831 297 3912; x_wconf 77' lang='lat' dir='ltr'><strong>Quinte</strong></span> <span class='ocrx_word' id='word_1_286' title='bbox 318 3839 352 3898; x_wconf 88' lang='lat' dir='ltr'><strong>et</strong></span> <span class='ocrx_word' id='word_1_287' title='bbox 373 3833 490 3899; x_wconf 92' lang='lat' dir='ltr'><strong>ultima</strong></span> <span class='ocrx_word' id='word_1_288' title='bbox 511 3834 803 3920; x_wconf 86' lang='lat' dir='ltr'><strong>Reohenbergiana</strong></span> <span class='ocrx_word' id='word_1_289' title='bbox 830 3856 928 3918; x_wconf 90' lang='lat' dir='ltr'><strong>quam</strong></span> <span class='ocrx_word' id='word_1_290' title='bbox 950 3856 1009 3902; x_wconf 89' lang='lat' dir='ltr'><strong>our</strong></span> <span class='ocrx_word' id='word_1_291' title='bbox 1027 3834 1143 3900; x_wconf 89' lang='lat' dir='ltr'><strong>titulus</strong></span> <span class='ocrx_word' id='word_1_292' title='bbox 1164 3839 1313 3917; x_wconf 86' lang='lat' dir='ltr'><strong>quartam</strong></span> <span class='ocrx_word' id='word_1_293' title='bbox 1330 3806 1336 3819; x_wconf 24' lang='grc' dir='ltr'>ἱ</span> 
     </span>
     <span class='ocr_line' id='line_1_35' title="bbox 78 3918 1312 4005; baseline 0.002 -22"><span class='ocrx_word' id='word_1_294' title='bbox 78 3918 169 3984; x_wconf 89' lang='lat' dir='ltr'><strong>dieat</strong></span> <span class='ocrx_word' id='word_1_295' title='bbox 190 3918 342 4003; x_wconf 88' lang='lat' dir='ltr'><strong>equidem</strong></span> <span class='ocrx_word' id='word_1_296' title='bbox 363 3940 430 3985; x_wconf 91' lang='lat' dir='ltr'><strong>non</strong></span> <span class='ocrx_word' id='word_1_297' title='bbox 451 3941 615 4004; x_wconf 91' lang='lat' dir='ltr'><strong>assequor.</strong></span> <span class='ocrx_word' id='word_1_298' title='bbox 659 3923 765 3987; x_wconf 87' lang='lat' dir='ltr'><strong>Adest</strong></span> <span class='ocrx_word' id='word_1_299' title='bbox 786 3928 924 4004; x_wconf 88' lang='lat' dir='ltr'><strong>utraque</strong></span> <span class='ocrx_word' id='word_1_300' title='bbox 944 3922 1112 4005; x_wconf 88' lang='lat' dir='ltr'><strong>praefatio.</strong></span> <span class='ocrx_word' id='word_1_301' title='bbox 1154 3920 1197 3985; x_wconf 92' lang='lat' dir='ltr'><strong>In</strong></span> <span class='ocrx_word' id='word_1_302' title='bbox 1218 3927 1312 3986; x_wconf 81' lang='lat' dir='ltr'><strong>textu</strong></span> 
     </span>
     <span class='ocr_line' id='line_1_36' title="bbox 78 4005 1299 4096; baseline -0.002 -25"><span class='ocrx_word' id='word_1_303' title='bbox 78 4005 130 4071; x_wconf 86' lang='lat' dir='ltr'><strong>bis</strong></span> <span class='ocrx_word' id='word_1_304' title='bbox 151 4014 249 4072; x_wconf 80' lang='lat' dir='ltr'><strong>vetus</strong></span> <span class='ocrx_word' id='word_1_305' title='bbox 271 4013 306 4070; x_wconf 89' lang='lat' dir='ltr'><strong>et</strong></span> <span class='ocrx_word' id='word_1_306' title='bbox 327 4006 442 4071; x_wconf 90' lang='lat' dir='ltr'><strong>melior</strong></span> <span class='ocrx_word' id='word_1_307' title='bbox 463 4007 560 4072; x_wconf 88' lang='lat' dir='ltr'><strong>leetio</strong></span> <span class='ocrx_word' id='word_1_308' title='bbox 582 4029 640 4091; x_wconf 92' lang='lat' dir='ltr'><strong>pro</strong></span> <span class='ocrx_word' id='word_1_309' title='bbox 661 4009 795 4074; x_wconf 81' lang='lat' dir='ltr'><strong>Bezana</strong></span> <span class='ocrx_word' id='word_1_310' title='bbox 816 4010 986 4093; x_wconf 88' lang='lat' dir='ltr'><strong>reponitur</strong></span> <span class='ocrx_word' id='word_1_311' title='bbox 1008 4008 1077 4096; x_wconf 79' lang='lat' dir='ltr'><strong>(W.</strong></span> <span class='ocrx_word' id='word_1_312' title='bbox 1105 4011 1153 4072; x_wconf 79' lang='lat'><strong>34.</strong></span> <span class='ocrx_word' id='word_1_313' title='bbox 1176 4006 1221 4072; x_wconf 90' lang='lat' dir='ltr'><strong>X.</strong></span> <span class='ocrx_word' id='word_1_314' title='bbox 1245 4005 1299 4092; x_wconf 77' lang='lat'><strong>20)</strong></span> 
     </span>
    </p>
   </div>
   <div class='ocr_carea' id='block_1_12' title="bbox 212 4216 1076 4468">
    <p class='ocr_par' dir='ltr' id='par_1_12' title="bbox 212 4216 1076 4468">
     <span class='ocr_line' id='line_1_37' title="bbox 212 4216 1075 4293; baseline 0.005 -18"><span class='ocrx_word' id='word_1_315' title='bbox 212 4216 260 4281; x_wconf 83' lang='lat'><strong>58.</strong></span> <span class='ocrx_word' id='word_1_316' title='bbox 308 4216 469 4276; x_wconf 71' lang='lat' dir='ltr'><strong>GO&#39;I&#39;HAE</strong></span> <span class='ocrx_word' id='word_1_317' title='bbox 486 4230 598 4293; x_wconf 79' lang='lat' dir='ltr'><strong>sumpta</strong></span> <span class='ocrx_word' id='word_1_318' title='bbox 616 4221 863 4292; x_wconf 56' lang='lat' dir='ltr'><strong>armahairtai.</strong></span> <span class='ocrx_word' id='word_1_319' title='bbox 901 4217 991 4278; x_wconf 81' lang='lat'><strong>1708.</strong></span> <span class='ocrx_word' id='word_1_320' title='bbox 1028 4219 1075 4280; x_wconf 91' lang='grc'><strong>12.</strong></span> 
     </span>
     <span class='ocr_line' id='line_1_38' title="bbox 310 4303 1076 4380; baseline 0.007 -18"><span class='ocrx_word' id='word_1_321' title='bbox 310 4303 470 4362; x_wconf 79' lang='lat' dir='ltr'>GOTHAE</span> <span class='ocrx_word' id='word_1_322' title='bbox 489 4317 601 4380; x_wconf 78' lang='lat' dir='ltr'><strong>sumpta</strong></span> <span class='ocrx_word' id='word_1_323' title='bbox 618 4309 703 4365; x_wconf 82' lang='lat' dir='ltr'><strong>Heur.</strong></span> <span class='ocrx_word' id='word_1_324' title='bbox 722 4308 865 4363; x_wconf 76' lang='lat' dir='ltr'><strong>Haasehia&#39;.</strong></span> <span class='ocrx_word' id='word_1_325' title='bbox 901 4306 990 4367; x_wconf 82' lang='lat'>1710.</span> <span class='ocrx_word' id='word_1_326' title='bbox 1029 4304 1076 4367; x_wconf 91' lang='grc'><strong>12.</strong></span> 
     </span>
     <span class='ocr_line' id='line_1_39' title="bbox 307 4390 1075 4468; baseline 0.003 -17"><span class='ocrx_word' id='word_1_327' title='bbox 307 4391 469 4451; x_wconf 76' lang='lat' dir='ltr'><strong>GOTHAE</strong></span> <span class='ocrx_word' id='word_1_328' title='bbox 487 4405 599 4468; x_wconf 75' lang='lat' dir='ltr'><strong>aanpta</strong></span> <span class='ocrx_word' id='word_1_329' title='bbox 616 4396 702 4451; x_wconf 83' lang='lat' dir='ltr'><strong>Hear.</strong></span> <span class='ocrx_word' id='word_1_330' title='bbox 721 4395 863 4452; x_wconf 69' lang='lat' dir='ltr'><strong>[samarit.</strong></span> <span class='ocrx_word' id='word_1_331' title='bbox 899 4390 989 4454; x_wconf 82' lang='grc'><strong>1712.</strong></span> <span class='ocrx_word' id='word_1_332' title='bbox 1028 4392 1075 4453; x_wconf 91' lang='grc'><strong>12.</strong></span> 
     </span>
    </p>
   </div>
   <div class='ocr_carea' id='block_1_13' title="bbox 78 4524 1310 4704">
    <p class='ocr_par' dir='ltr' id='par_1_13' title="bbox 78 4524 1310 4704">
     <span class='ocr_line' id='line_1_40' title="bbox 164 4524 1310 4608; baseline 0.003 -17"><span class='ocrx_word' id='word_1_333' title='bbox 164 4524 356 4592; x_wconf 80' lang='lat' dir='ltr'><strong>Editionem</strong></span> <span class='ocrx_word' id='word_1_334' title='bbox 378 4526 472 4608; x_wconf 88' lang='lat' dir='ltr'><strong>hane,</strong></span> <span class='ocrx_word' id='word_1_335' title='bbox 496 4529 551 4595; x_wconf 86' lang='lat' dir='ltr'><strong>vel</strong></span> <span class='ocrx_word' id='word_1_336' title='bbox 572 4529 600 4594; x_wconf 87' lang='lat' dir='ltr'><strong>si</strong></span> <span class='ocrx_word' id='word_1_337' title='bbox 621 4527 728 4594; x_wconf 89' lang='lat' dir='ltr'><strong>mavis</strong></span> <span class='ocrx_word' id='word_1_338' title='bbox 750 4528 909 4595; x_wconf 88' lang='lat' dir='ltr'><strong>editiones</strong></span> <span class='ocrx_word' id='word_1_339' title='bbox 928 4528 989 4594; x_wconf 87' lang='lat' dir='ltr'><strong>has</strong></span> <span class='ocrx_word' id='word_1_340' title='bbox 1011 4526 1108 4594; x_wconf 92' lang='lat' dir='ltr'><strong>hodie</strong></span> <span class='ocrx_word' id='word_1_341' title='bbox 1125 4527 1310 4595; x_wconf 89' lang='lat' dir='ltr'><strong>rarissimas</strong></span> 
     </span>
     <span class='ocr_line' id='line_1_41' title="bbox 78 4610 1309 4704; baseline 0.005 -24"><span class='ocrx_word' id='word_1_342' title='bbox 78 4610 228 4681; x_wconf 89' lang='lat' dir='ltr'><strong>nondum</strong></span> <span class='ocrx_word' id='word_1_343' title='bbox 248 4613 285 4680; x_wconf 85' lang='lat' dir='ltr'><strong>in</strong></span> <span class='ocrx_word' id='word_1_344' title='bbox 306 4633 381 4681; x_wconf 86' lang='lat' dir='ltr'><strong>mea</strong></span> <span class='ocrx_word' id='word_1_345' title='bbox 404 4615 593 4682; x_wconf 90' lang='lat' dir='ltr'><strong>eolleotione</strong></span> <span class='ocrx_word' id='word_1_346' title='bbox 615 4623 745 4681; x_wconf 82' lang='lat' dir='ltr'><strong>exstare</strong></span> <span class='ocrx_word' id='word_1_347' title='bbox 766 4635 805 4680; x_wconf 93' lang='lat' dir='ltr'><strong>eo</strong></span> <span class='ocrx_word' id='word_1_348' title='bbox 827 4615 933 4703; x_wconf 91' lang='lat' dir='ltr'><strong>magis</strong></span> <span class='ocrx_word' id='word_1_349' title='bbox 956 4636 1073 4702; x_wconf 80' lang='lat' dir='ltr'><strong>queror</strong></span> <span class='ocrx_word' id='word_1_350' title='bbox 1094 4615 1181 4704; x_wconf 90' lang='lat' dir='ltr'><strong>quod</strong></span> <span class='ocrx_word' id='word_1_351' title='bbox 1209 4613 1249 4683; x_wconf 94' lang='lat' dir='ltr'><strong>de</strong></span> <span class='ocrx_word' id='word_1_352' title='bbox 1269 4615 1309 4687; x_wconf 85' lang='lat' dir='ltr'><strong>iis</strong></span> 
     </span>
    </p>
   </div>
   <div class='ocr_carea' id='block_1_14' title="bbox 0 0 1504 5024">
    <p class='ocr_par' dir='ltr' id='par_1_14' title="bbox 0 0 1504 5024">
     <span class='ocr_line' id='line_1_42' title="bbox 0 0 1504 5024; baseline 0 4"><span class='ocrx_word' id='word_1_353' title='bbox 0 0 1504 5024; x_wconf 95' lang='lat' dir='ltr'><strong> </strong></span> 
     </span>
    </p>
   </div>
  </div>
 </body>
</html>
