3000 5024
87 242 113 301 x
453 250 652 308 norrrortns
669 248 953 309 nmnusrsrun
1263 255 1323 319 109
1429 212 1432 217 ¹

85 419 207 487 timus.
231 418 323 487 Oave
333 418 394 487 tibi
403 419 466 487 hac
477 421 517 487 de
535 442 571 487 rs
588 441 609 486 a
626 421 706 488 viris
725 420 827 488 doctis
845 428 879 487 et
895 421 1197 506 praestantissimis,
1215 421 1324 489 Millio

84 505 247 592 Bengelio
258 505 446 573 Wetstsnio
463 508 545 587 aliis,
563 508 673 574 minus
694 529 771 575 voro
791 517 1009 575 consentanea
1027 508 1158 575 obtrudi
1176 509 1321 594 patiaris.

85 589 155 658 Sed
183 592 263 677 quid
292 593 420 659 multa?
464 595 549 660 Rem
576 595 682 677 ipsam
711 595 895 662 accuratius
924 593 1176 661 examinandam
1205 595 1322 680 adgre-

85 677 234 832 diassnm'
263 678 357 747 libris
379 680 460 766 ipsis
481 701 584 766 quum
613 680 724 763 plures
746 683 828 761 sint,
859 682 896 746 in
922 681 1081 767 quasdam
1109 681 1228 749 classes
1256 682 1323 747 dis-

85 765 130 832 tri
152 767 231 832 ntis.

200 1025 216 1108 §
241 1028 266 1089 1.
310 1021 563 1092 ammones
585 1023 937 1091 ELZEVIRIANAE
961 1023 1213 1091 GENUINAE.

173 1192 227 1260 De
248 1194 478 1262 Elnevirorum
507 1195 543 1260 in
565 1217 601 1261 re
623 1196 860 1281 typographica
880 1195 1034 1262 laudibus
1061 1218 1129 1262 non
1158 1203 1208 1261 est
1235 1194 1323 1279 qnod

78 1276 241 1346 hocloco
270 1279 373 1346 verba
394 1280 519 1347 faciam.
563 1280 654 1347 Satis
676 1292 772 1347 notae
795 1304 847 1347 ros
869 1290 947 1349 suut
968 1283 1008 1348 iis
1030 1284 1087 1366 qui
1109 1282 1189 1347 talia
1206 1290 1324 1347 curant

85 1366 305 1451 elegantiores
333 1367 464 1432 illorum
491 1369 580 1453 typi,
611 1369 745 1432 chartae
772 1369 875 1448 nitor,
904 1373 1028 1434 formae
1058 1368 1261 1435 minusculae
1289 1375 1323 1433 et

83 1453 229 1532 habiles,
257 1452 452 1518 mendorum
481 1453 622 1537 denique
650 1453 812 1532 absentia,
842 1476 941 1537 quam
970 1465 1058 1520 corte
1087 1456 1175 1519 fama
1204 1454 1322 1519 libellis

85 1537 199 1620 ὀλίγοις
219 1562 251 1603 τε
272 1544 372 1623 φίλοις
390 1562 434 1617 τε,
463 1547 501 1605 ut
528 1541 593 1624 ipsi
622 1538 761 1605 editores
784 1542 948 1607 homerico
971 1541 1046 1606 stilo
1068 1540 1232 1620 scribunt,
1262 1541 1321 1606 tri-

84 1624 185 1693 buere
204 1624 340 1691 solebat

171 1710 308 1795 Septem
331 1710 464 1775 omnino
491 1720 570 1776 sunt
590 1711 818 1777 Elzevirorum
847 1711 1007 1777 editiones
1029 1711 1069 1778 N.
1093 1712 1130 1776 Τ.
1159 1733 1226 1777 non
1248 1719 1321 1777 octo

82 1806 124 1864 ut
145 1797 171 1861 ii
193 1804 346 1863 asserunt
366 1797 422 1880 qui
443 1796 585 1880 primam
607 1797 790 1863 Ourcellaei
818 1798 859 1863 iis
882 1800 1104 1864 adnumerant
1132 1808 1181 1873 (et
1208 1797 1322 1863 addita

82 1883 342 1949 Whitakeriana
363 1903 482 1950 novem
504 1903 674 1949 recensere
697 1882 878 1968 deberent),
902 1905 970 1948 non
991 1886 1172 1967 pauciores,
1195 1892 1233 1948 nt
1254 1884 1319 1948 alii.

81 1971 157 2054 Ego
179 1978 292 2036 tamen
314 1990 387 2035 eam
416 1990 500 2053 quae
521 1970 558 2033 in
581 1970 642 2035 hae
665 1970 749 2034 serie
771 1970 870 2034 tertia
891 1981 942 2035 est
965 1971 1082 2055 (1641)
1112 1990 1172 2054 pro
1191 1969 1321 2035 ratione

82 2056 231 2123 instituti
251 2056 318 2122 mei
339 2077 360 2121 a
381 2056 520 2122 caeteris
542 2056 720 2140 seiungam.

228 2265 281 2325 1.*
323 2266 507 2326 LUGDUNI
523 2268 773 2337 Botccoffloirta
790 2268 978 2324 clavatam.
1008 2264 1099 2323 1624.
1130 2265 1181 2325 24.
1281 2312 1286 2323 .

170 2399 304 2466 Dicitur
325 2400 359 2464 in
381 2401 489 2465 fronte
511 2422 554 2466 ex
576 2401 677 2486 regiis
699 2401 834 2484 aliisque
856 2399 989 2483 optimis
1016 2397 1214 2467 editionibus
1241 2422 1318 2467 cum

82 2508 166 2554 cura
197 2507 388 2570 expressum
421 2485 483 2553 hoc
510 2487 551 2553 N.
581 2488 618 2553 Τ.
667 2487 794 2570 Regiae
823 2486 1015 2553 dicebantur
1042 2486 1126 2552 Rob.
1155 2486 1319 2571 Stephani

81 2574 249 2639 tertia-et
280 2572 430 2638 Plautini
462 2572 653 2658 polyglotta
705 2572 802 2653 Quod
835 2574 946 2637 fucum
977 2572 1055 2639 fecit
1087 2574 1169 2639 viris
1202 2573 1317 2641 doctis.

82 2657 199 2740 Quum
221 2657 391 2725 evidenter
411 2658 661 2724 Plantinianum
690 2668 820 2724 textum
843 2680 909 2723 non
931 2658 1061 2741 sequuti
1090 2660 1158 2723 sint
1179 2658 1317 2745 Lugdu·

80 2766 219 2823 nenses,
248 2742 457 2827 Stephanum
491 2743 607 2810 ducem
635 2745 697 2811 sibi
725 2745 863 2829 elegisse
886 2766 940 2810 eos
962 2745 1131 2827 putabant.
1179 2747 1318 2812 Praeter

76 2852 181 2915 supra
201 2829 353 2896 laudatos
375 2853 406 2897 v.
429 2830 618 2897 Maschium
639 2853 669 2915 p.
696 2833 766 2910 226,
789 2831 846 2915 qui
867 2852 1009 2914 eousque
1028 2831 1219 2897 oscitantiae
1241 2853 1317 2916 pro·

78 2918 169 2986 cedit
195 2923 235 2982 ut
257 2917 319 2983 hoc
341 2916 545 2983 Elzeviriani
574 2926 684 2983 textus
705 2917 871 3000 peculiare
894 2915 981 2982 dicat
1010 2916 1096 2999 quod
1124 2939 1144 2982 a
1165 2918 1254 2982 Beza
1275 2917 1317 2983 ad

76 3002 291 3088 Stephanum
309 3002 454 3083 redierit,
476 3023 574 3086 porro
591 3004 777 3069 Marshium
795 3024 827 3086 p.
848 3006 919 3081 862,
942 3002 1182 3068 Eichhornium
1201 3024 1234 3086 p.
1254 3006 1315 3065 280

76 3100 111 3157 et
131 3089 269 3156 omnino
290 3089 460 3174 plurimos.
504 3090 717 3156 Recentiores
739 3089 843 3156 critici
864 3087 1094 3154 Elzevirianae
1116 3097 1150 3153 et
1171 3086 1315 3172 Stepha-

74 3179 171 3246 nicae
198 3176 347 3242 lectionis
377 3175 629 3259 discrepantiam
657 3184 810 3240 notantes
838 3175 892 3241 vel
920 3175 1046 3240 nescire
1078 3174 1233 3241 videntur
1261 3176 1315 3243 cui

73 3263 133 3330 illa
154 3262 325 3341 debeatur,
347 3261 404 3327 vel
425 3274 513 3327 certe
535 3261 576 3328 de
596 3264 688 3327 tonte
710 3264 780 3327 eius
802 3262 1003 3327 accuratiora
1024 3281 1091 3325 non
1113 3261 1258 3327 tradunt.

162 3350 290 3413 Textus
316 3348 416 3413 huius
444 3346 596 3413 editionis
628 3348 804 3432 primariae
837 3370 881 3414 ex
910 3348 1017 3412 Betae
1050 3347 1159 3431 prima
1191 3346 1313 3416 minori

72 3436 184 3524 (rtet.
209 3438 253 3519 8.)
275 3433 459 3517 descriptus
480 3445 531 3500 est
552 3456 628 3501 cum
649 3455 715 3519 qua
737 3435 899 3500 consentit
924 3434 960 3497 in
981 3432 1062 3499 locis
1086 3436 1146 3498 991
1170 3456 1212 3499 cx
1234 3454 1311 3500 nos·

71 3524 144 3589 tris.
188 3519 340 3587 Discedit
360 3525 423 3586 octo
443 3528 575 3586 tantum
597 3521 685 3600 locis,
712 3541 852 3604 quorum
872 3520 968 3584 lectio
997 3540 1040 3584 ex
1068 3520 1141 3585 aliis
1163 3522 1303 3587 Bezanis

71 3607 272 3675 editionibus
303 3606 443 3691 repetita
468 3619 526 3673 est.
575 3607 686 3672 Habet
712 3629 791 3692 ergo
823 3607 996 3672 lectionem
1024 3605 1258 3691 Stephanicam
1284 3628 1304 3673 a

70 3696 162 3762 Beaa
182 3693 326 3760 ahenam
347 3692 481 3759 omnino
502 3692 644 3759 nullam!
690 3692 788 3774 Quod
809 3693 839 3759 si
859 3694 996 3758 fortasse
1018 3714 1097 3759 casu
1123 3694 1170 3759 sic
1196 3693 1304 3761 videri

70 3780 261 3861 credideris,
283 3780 361 3864 quia
382 3779 511 3845 collatio
532 3802 607 3845 mea
628 3779 670 3845 ad
692 3790 818 3846 certum
838 3779 983 3844 locorum
1005 3778 1167 3845 delectum
1189 3790 1304 3847 oracta

70 3870 130 3950 sit,
164 3867 250 3933 scias
279 3865 563 3932 Tischendorfium
583 3866 629 3931 ¹in
656 3866 896 3950 prolegomenis
928 3864 969 3930 ad
1001 3886 1095 3931 suam
1127 3866 1303 3932 editionem

70 3976 101 4021 a.
127 3958 204 4016 1841
231 3960 367 4019 centum
387 3961 422 4018 et
449 3951 635 4036 quindecim
660 3954 730 4017 loca
757 3954 875 4018 afferre
901 3952 937 4016 in
958 3950 1077 4035 quibus
1098 3972 1119 4016 a
1139 3953 1303 4036 Stephani

69 4041 171 4107 tertis
191 4046 304 4105 texhts
325 4048 488 4122 receptus,
510 4060 628 4123 nempe
649 4039 877 4105 Elzevirianac
898 4050 1038 4116 nostrae,
1061 4038 1215 4103 discedat.
1258 4038 1302 4103 In

68 4126 124 4193 his
145 4145 274 4210 quoque
295 4136 429 4190 eentum
457 4126 525 4191 fere
552 4126 684 4191 suntin
707 4124 823 4208 quibus
844 4124 988 4190 Elaeviri
1015 4145 1091 4189 cum
1109 4125 1198 4189 Bcza
1224 4143 1301 4189 con·

69 4213 235 4292 sentiunt,
263 4218 413 4278 caeterae
440 4232 508 4276 non
537 4220 605 4276 tam
627 4213 794 4278 variantes
820 4210 976 4276 lectiones
996 4211 1162 4275 Bczanam
1190 4232 1301 4276 emon·

69 4298 198 4378 dantes,
220 4318 320 4381 quam
341 4297 615 4382 orthographicae
634 4297 691 4363 vel
712 4297 946 4382 grammaticae
975 4310 1055 4362 sunt
1075 4297 1300 4377 correctiones,

68 4384 205 4453 minimi
219 4383 298 4449 illae
313 4385 483 4464 momenti,
504 4383 559 4451 vel
575 4384 675 4449 etiam
691 4386 773 4450 vitia
791 4404 975 4468 operarum,
997 4383 1056 4448 vix
1072 4403 1139 4447 uno
1157 4383 1301 4451 alterove

65 4472 139 4539 loco
162 4476 317 4554 excepto..
352 4469 494 4536 Minime
521 4471 623 4555 igitur
648 4468 854 4536 commodum
881 4471 988 4536 facere
1014 4467 1170 4536 videntur
1195 4469 1221 4535 ii
1244 4471 1302 4553 qui

66 4557 111 4626 ad
130 4555 374 4643 designandum
393 4556 431 4623 in
450 4558 539 4624 notis
560 4557 631 4624 suis
650 4557 772 4625 criticis
789 4566 920 4625 textum
935 4556 1164 4623 Elaevirorum
1181 4556 1301 4645 siglo-5
