3000 5024
65 223 95 275 A
168 271 171 275 ,
413 218 946 278 10111011000113310111111111.
1244 226 1304 291 199

67 477 122 547 6]
150 480 319 545 Lorium
335 486 464 561 impetrati
481 487 507 541 1.
525 486 687 556 Maelialoy
704 494 730 541 ct
749 482 844 546 0011111
860 492 885 540 el
904 486 1015 541 Martie
1031 489 1101 559 (eae.
1120 487 1306 561 (1011100ωὸ111

394 570 650 643 caeterae).
684 570 774 631 raoe.
806 568 916 626 arama.
948 570 977 629 a.

152 700 372 787 splendidum
400 703 612 789 apographon
646 703 797 768 editionis
828 702 1107 770 Griesbaehianae
1140 705 1303 774 secundae

65 790 225 857 haetenus
246 797 408 855 mutatum
430 800 469 855 ut
490 796 602 854 textus
624 789 720 855 lineis
741 791 896 875 integris,
924 798 1022 856 notae
1052 812 1111 875 per
1131 790 1226 858 binas
1248 814 1302 860 co·
1368 839 1372 847 ·

66 876 196 942 lumnas
216 877 480 941 exscriberentur
497 876 582 959 quod
600 896 678 941 sane
699 876 801 941 oeulis
818 874 1047 961 multomagis
1065 876 1188 945 arridet
1205 899 1302 962 quam

67 961 153 1047 quod
173 961 333 1028 Halensis
354 960 437 1028 liber
459 962 658 1028 eontrarium
681 961 852 1028 obtulerat.

112 1148 167 1211 7.*
210 1154 378 1215 LONDINI
394 1157 522 1231 impensis
539 1156 573 1213 F.
594 1155 624 1212 0.
642 1164 669 1212 ct
686 1158 710 1212 Ι.
729 1156 887 1228 masaa,
905 1159 930 1213 I.
950 1156 1046 1215 Catbcl
1063 1161 1102 1231 (ct
1118 1159 1252 1231 aliorum)

342 1246 414 1318 typis
429 1245 466 1300 R.
485 1252 510 1300 et
527 1245 563 1300 Α.
585 1244 696 1314 Taylor.
730 1243 819 1303 1818.
853 1243 869 1300 2
889 1245 963 1300 tomi.
992 1244 1020 1303 8.

149 1371 263 1440 Editio
286 1376 428 1458 repetita
456 1375 665 1458 praecedenti
694 1374 818 1440 addens
846 1375 1139 1458 praefatiunculam
1168 1376 1302 1445 editoris

65 1459 224 1544 anonymi
248 1458 468 1527 Londinensis
496 1482 579 1545 quae
606 1461 745 1527 leotores
773 1460 866 1526 dooet
894 1461 1113 1527 additamenta
1147 1462 1301 1530 editionis

64 1544 222 1613 Halousis
244 1547 313 1613 suis
334 1547 414 1614 loeis
436 1547 489 1613 hio
511 1548 636 1612 inserta
658 1568 739 1612 esse.
785 1545 882 1627 Quod
905 1556 1016 1614 tamen
1046 1550 1110 1613 iam
1133 1549 1169 1613 in
1191 1550 1301 1632 priore

64 1633 186 1700 factum
219 1632 336 1698 fuerat.
390 1634 622 1698 Praemittitur
653 1639 823 1716 praeterea
856 1633 1062 1700 Griesbaohii
1103 1635 1300 1786 praefationi

65 1718 176 1785 tabula
196 1718 376 1785 lectionum
399 1719 553 1785 editionis
576 1719 760 1802 Lipsiensis
781 1741 808 1784 a.
837 1722 917 1782 1805
942 1741 961 1785 a
982 1728 1079 1785 textu
1133 1721 1208 1786 uius
1230 1741 1300 1786 ma·

63 1802 444 1957 {iiiimffimpanfium'
500 1806 651 1869 Externa
683 1805 789 1870 forma
821 1805 953 1889 utrique
990 1807 1075 1872 libro
1115 1804 1300 1874 britannico

248 2077 302 2142 8!
344 2083 499 2142 LIPSIAE
516 2085 699 2141 sumtabasF.
722 2073 921 2142 ].Macrlccri.
953 2083 1043 2144 1811.
1075 2083 1103 2144 8.

147 2216 262 2283 Editio
291 2216 434 2284 Schottii
468 2217 610 2284 secunda
644 2219 680 2282 in
712 2217 864 2284 omnibus
890 2216 1017 2300 primae
1038 2215 1163 2296 similis,
1193 2218 1297 2285 forma

62 2309 174 2370 tamen
195 2302 304 2386 paullo
325 2304 438 2369 maior.
472 2305 616 2369 Tantum
637 2304 702 2368 iam
725 2304 875 2386 sequitur
897 2303 1193 2370 Griesbaehianum
1217 2326 1297 2388 qua·

61 2389 129 2465 lom,
140 2389 327 2467 „exhibebat
348 2389 491 2456 secunda
512 2390 632 2455 summi
646 2389 760 2458 ,critici
781 2390 880 2455 editio
897 2390 1009 2473 paucis
1027 2385 1070 2457 ex‘
1086 2397 1198 2457 manto
1219 2390 1298 2458 novi

62 2476 197 2541 editoris
224 2475 277 2541 vel
311 2475 492 2541 emendatis
524 2476 577 2541 vel
607 2497 624 2540 e
657 2475 758 2558 priori
791 2475 933 2541 editione
966 2476 1114 2542 servatis.
1163 2475 1299 2544 Scilicet

61 2562 232 2647 vulgarem
248 2562 421 2627 lectionem
439 2561 559 2626 retinet
577 2561 654 2626 olim
671 2561 736 2643 ipsi
749 2560 963 2628 Griesbaohio
981 2563 1165 2646 probatum:
1188 2562 1226 2628 ll.
1245 2569 1295 2630 43.

60 2651 93 2711 Γ.
121 2651 170 2713 19.
193 2648 229 2714 Z.
254 2652 311 2728 873
333 2647 440 2713 eidem
462 2646 680 2730 adstipulatur
704 2648 743 2712 Θ.
767 2650 822 2727 25;
846 2656 919 2713 tum
941 2647 1150 2715 Griesbachii
1171 2649 1296 2732 primae

60 2733 216 2800 adhaeret
236 2734 279 2799 R.
303 2739 374 2799 317.
418 2733 530 2800 Novas
553 2733 653 2798 habet
673 2735 712 2799 Π.
740 2739 777 2797 13
800 2742 835 2798 01
859 2734 897 2800 Θ.
925 2739 993 2800 141.

246 2919 298 2988 9)
339 2924 494 2983 LIPSIAE
512 2928 645 2983 sumttbus
662 2928 696 2984 F.
718 2931 749 2984 Τ.
764 2929 916 2986 1100110011.
950 2926 1040 2989 1825.
1072 2929 1100 2988 8.

144 3060 257 3125 Tertia
279 3058 421 3126 Schottii
443 3058 543 3124 editio
564 3059 603 3123 'in
626 3060 776 3128 versione
796 3060 901 3127 latina
923 3060 1064 3126 multum
1086 3066 1213 3127 mutata
1234 3070 1293 3142 001

55 3147 91 3213 111
112 3167 230 3232 gruson
251 3145 430 3230 archetypo
453 3166 690 3228 nonnunquam
711 3146 768 3212 sed
786 3147 924 3229 parcius.
969 3146 1201 3214 Praecedentis
1228 3148 1293 3215 leo·

56 3235 160 3299 tiones
181 3232 363 3315 peculiares
384 3253 497 3296 omncs
518 3232 640 3296 retinet
657 3242 787 3315 praeter
803 3255 905 3298 unam
928 3234 982 3308 (Ε.
997 3238 1060 3310 43),
1084 3233 1186 3298 semel
1206 3234 1294 3301 redit

55 3318 97 3385 ed
122 3319 266 3404 primam
292 3317 585 3385 Griesbaehianam
615 3318 671 3399 (V.
703 3319 773 3400 41),
802 3328 919 3400 quater
946 3319 987 3383 ad
1014 3319 1183 3385 Elzeviros
1219 3320 1291 3405 (Er.

54 3403 98 3472 G.
129 3410 179 3471 11.
204 3402 435 3487 optatis.
466 3410 545 3470 vett.
569 3411 681 3468 eontra
707 3403 750 3468 Y.
776 3407 849 3469 (1.0.
877 3403 938 3491 14).
983 3405 1094 3470 Habet
1120 3411 1232 3470 tamen
1260 3414 1294 3471 01

53 3490 119 3557 alia
141 3488 301 3575 quaedam
321 3489 389 3556 iam
410 3488 578 3555 nonnullis
598 3499 675 3554 anto
698 3490 951 3557 Griesbaelrium
976 3492 1127 3574 probata:
1161 3490 1205 3557 Y.
1241 3495 1291 3556 86.

53 3576 89 3643 Ζ.
113 3580 164 3642 39.
188 3581 238 3640 41.
264 3580 312 3641 60.
338 3579 408 3642 125.
430 3577 466 3641 Δ.
490 3581 518 3642 3.
544 3576 582 3640 Θ.
607 3575 713 3641 5111.
739 3580 768 3642 8.

112 3779 186 3846 10st
230 3784 576 3846 CHRISTIANSTADII
594 3790 674 3931 ltpp3es4
687 3788 1016 3931 01ἔο01111000001010110
1033 3788 1248 3850 Schmidttimao.

614 3878 631 3931 8
677 3919 683 3935 .
742 3920 748 3934 .

139 4005 229 4072 Novi
239 4006 443 4073 Testamenti
465 4007 690 4090 graeco-latini
712 4029 753 4072 ex
771 4005 914 4073 editione
930 4006 1170 4075 Schottianain
1191 4031 1290 4076 usum

49 4092 237 4160 iuventutis
279 4090 434 4174 descripti
463 4113 542 4158 eura
568 4095 605 4159 P.
634 4093 661 4159 Ι.
689 4093 833 4160 Boelrlin
860 4094 992 4159 titulum
1020 4118 1064 4160 ex
1093 4095 1290 4163 bibliotheca

50 4177 243 4262 Upsaliensi
260 4198 389 4243 meeum
406 4179 659 4245 communicavit
679 4182 756 4246 olim
773 4181 814 4243 V.
831 4180 872 4244 D.
891 4180 966 4246 Gar.
985 4180 1181 4247 Hultcrana.
1215 4182 1288 4248 Iam

51 4275 128 4349 post
138 4263 261 4328 multas
272 4263 425 4347 ambages
437 4265 544 4347 ipsum
556 4266 710 4331 volumen
722 4264 880 4349 possideo,
899 4274 998 4331 nactu
1011 4267 1239 4333 difficillimum
1250 4278 1289 4334 ut

52 4351 147 4434 quasi
164 4349 377 4434 hyperboreis
396 4348 571 4415 draconum
593 4353 696 4416 antris
714 4350 918 4434 eripiendum
931 4352 1060 4417 dixeris.
1095 4351 1162 4418 Sed
1184 4352 1289 4419 adluit

51 4436 224 4520 quaerenti
251 4454 310 4517 pro
333 4433 476 4519 Sigurde
509 4438 561 4502 vir
593 4459 741 4503 summus
763 4438 800 4504 0.
830 4439 868 4503 Ε.
897 4438 1083 4522 Scharling,
1116 4439 1287 4523 theologus

50 4520 247 4589 Halniansis
279 4521 519 4602 celeberrimus,
543 4524 634 4589 cuius
674 4523 852 4590 benevolae
881 4524 1047 4589 sedulitati
1077 4525 1158 4590 meis
1190 4524 1286 4592 rebus

50 4606 291 4687 humanissime
333 4608 545 4693 prospicienti
587 4608 650 4676 hoo
687 4612 723 4675 in
765 4610 887 4678 nostris
925 4609 1113 4697 regionibus
1151 4611 1287 4691 unicum
