3000 5024
123 262 142 322 ss
601 254 889 314 rmmroumrm.

121 430 218 495 Inter
243 449 325 513 quos
357 429 546 495 nominasse
575 428 717 495 sufficiat
743 429 925 512 Augustini
952 428 1096 497 Galmeti
1126 427 1369 499 bibliothecam
1415 482 1417 499 .

122 515 276 582 biblicam
298 524 415 599 quarto
437 525 526 582 tomo
550 515 648 580 lexici
667 514 904 599 archaeologici
920 517 1088 595 insertam,
1110 517 1138 582 Ι.
1155 516 1198 583 G.
1209 517 1369 586 Walchii
1415 522 1417 575 ἱ

121 601 352 668 bibliothecam
373 602 593 687 theologicam
615 601 767 668 selectam
779 603 816 666 Τ.
828 602 888 668 IV.
911 626 941 688 p.
968 606 1102 682 14-46,
1124 604 1205 668 satis
1221 601 1369 671 divitem
1415 606 1417 667 ζ

122 690 160 754 in
180 690 243 754 hac
264 698 358 772 parte
380 689 437 756 sed
459 689 573 753 multis
595 687 761 754 erroribus
778 689 951 767 foedatam,
974 698 1149 773 utramque
1166 689 1274 756 nudos
1293 690 1369 759 fere
1414 716 1417 789 3

123 774 283 841 librorum
295 777 408 841 titulos
419 775 646 855 exhibentem3
668 796 764 857 porro
775 775 856 841 Ern.
868 776 961 841 Frid.
973 775 1048 842 Gar.
1060 776 1367 859 Rosenmiillermn,

124 862 181 943 qui
202 863 239 927 in
261 884 359 945 opere
380 861 640 945 bibliographico
658 861 837 926 Handbueh
858 863 913 928 der
930 862 1095 928 Literatur
1115 864 1172 928 der
1192 862 1369 931 tathaee

125 946 235 1013 Krete
260 950 327 1014 und
347 948 485 1031 Ecepese
512 947 637 1030 (Goett.
670 952 760 1011 1797.
795 948 881 1013 r.1.
912 970 942 1031 p.
974 949 1160 1034 278-422)
1193 957 1270 1032 post
1299 951 1369 1017 alin

125 1035 284 1099 editiones
296 1032 333 1100 N.
346 1036 383 1100 Τ.
402 1055 536 1119 graecas
552 1034 717 1100 recensuit
737 1033 794 1098 vix
810 1034 899 1099 aliud
921 1056 1023 1119 agens
1045 1056 1144 1117 quam
1166 1044 1203 1100 ut
1215 1036 1369 1105 Moschii

125 1121 344 1186 eruditionem
365 1128 569 1203 recoqueret,
597 1142 695 1203 quem
721 1126 833 1184 tamen
860 1142 966 1203 neque
988 1128 1108 1199 totum,
1135 1143 1241 1205 neque
1263 1123 1328 1189 ubi
1348 1145 1369 1191 e

125 1228 162 1273 re
188 1207 288 1272 fuerit
316 1207 527 1273 emendatum
553 1208 622 1272 suis
648 1205 776 1272 schedis
802 1207 950 1272 inseruit.
999 1207 1114 1272 Etiam
1141 1206 1245 1274 Gottl.
1267 1208 1368 1275 Guil.

125 1293 256 1378 Meyeri
290 1292 428 1358 historia
459 1293 742 1376 interpretationis
771 1290 805 1358 S.
830 1290 865 1359 S.
897 1294 1085 1376 germanice
1115 1294 1307 1379 conscripta
1335 1302 1370 1363 et

127 1379 326 1464 Goettingae
348 1402 376 1445 a.
405 1384 485 1445 1802
508 1402 550 1445 ss.
574 1380 718 1462 quinque
740 1380 837 1444 tomis
859 1380 955 1458 edita,
978 1379 1228 1464 praecipuarum
1247 1401 1369 1447 recen·

127 1467 258 1532 sionum
280 1466 320 1530 N.
343 1468 380 1532 Τ.
404 1466 555 1532 notitiam
575 1465 711 1549 praebet
732 1465 790 1531 sed
812 1466 880 1531 fere
901 1486 940 1531 ea
961 1473 1092 1531 tantum
1120 1466 1258 1551 attingit
1279 1488 1370 1551 quae

128 1558 161 1618 et
192 1551 338 1634 alioquin
371 1552 545 1618 tritissima
577 1564 656 1616 sunt
688 1552 824 1617 minoris
855 1554 1014 1617 momenti
1046 1552 1161 1635 opellis
1193 1552 1370 1638 neglectis

126 1639 221 1704 Inter
249 1644 379 1704 exteros
408 1640 464 1721 qui
492 1645 639 1705 nostram
660 1638 862 1720 provinciam
890 1639 1134 1723 perlustrsrunt
1158 1638 1255 1704 facile
1281 1640 1373 1709 cele-

126 1723 290 1790 berrimus
319 1732 369 1790 est
395 1726 541 1791 Thomas
561 1724 720 1809 Frognall
746 1723 872 1790 Dibdin
894 1724 1038 1809 Anglus,
1067 1726 1103 1789 in
1130 1726 1223 1791 cuius
1250 1746 1371 1809 opere:

128 1811 184 1877 Aa
205 1812 413 1878 iatroductioa
439 1817 469 1878 to
494 1811 543 1877 sse
568 1811 741 1894 knowledge
768 1811 805 1893 of
821 1832 895 1876 rore
923 1813 987 1877 aad
1008 1811 1152 1877 adacte
1177 1811 1318 1879 editions
1339 1812 1378 1899 of

127 1919 173 1983 pr.
196 1899 262 1963 und
283 1898 336 1963 lot.
359 1899 497 1978 crassas,
521 1899 660 1982 polypus
680 1897 783 1978 bibles,
811 1897 860 1962 the
883 1896 1067 1982 Septuagint
1092 1898 1157 1963 ond
1179 1897 1223 1962 N.
1250 1899 1290 1963 Τ.
1314 1905 1372 1967 ebs

128 1984 226 2050 tertia
248 1986 321 2050 vice
341 1984 486 2050 Londini
513 1989 604 2050 1808.
644 1988 662 2047 2
686 1983 783 2050 tomis
806 1984 905 2064 edito,
930 1985 1084 2050 scientiae
1102 2004 1195 2049 meae
1218 1982 1374 2055 defectus

128 2070 298 2154 splendide
320 2070 496 2153 expletum}
505 2071 548 2136 iri
568 2091 786 2154 speraveram.
820 2070 946 2135 Verum
969 2091 1036 2135 non
1059 2070 1131 2134 sine
1153 2068 1265 2136 dolore
1283 2072 1374 2139 libro

128 2158 276 2241 inspecto
296 2155 429 2222 laudem
452 2157 484 2222 ei
505 2158 626 2241 absque
647 2159 764 2222 merito
786 2156 927 2241 irrogari
953 2155 1096 2239 comperi
1122 2156 1242 2240 quippe
1272 2159 1374 2227 cuius

130 2251 253 2322 auctor,
276 2243 313 2306 in
335 2243 397 2309 hac
419 2242 536 2309 saltem
556 2251 666 2326 parte,
696 2242 756 2308 vix
785 2242 874 2308 aliud
896 2243 957 2309 sibi
984 2242 1246 2328 praesumpserit
1268 2264 1376 2327 quam

129 2335 170 2393 ut
190 2329 378 2394 Meschium
406 2350 481 2395 oum
510 2329 664 2394 omnibus
692 2329 762 2394 suis
784 2329 872 2394 vitiis
900 2339 934 2395 et
961 2329 1126 2396 erroribus
1154 2326 1373 2414 describeret,

129 2414 177 2480 ita
198 2412 329 2497 quidem
358 2421 397 2479 ut
423 2415 476 2480 vel
506 2415 546 2480 de
573 2413 769 2480 editionibus
795 2414 831 2478 in
859 2416 1033 2481 Britannia
1058 2414 1227 2499 impressis
1255 2417 1375 2485 minus

131 2508 283 2566 accurate
305 2500 426 2566 dixerit
448 2507 482 2566 et
503 2502 632 2584 saepius
655 2502 754 2565 etiam
774 2502 907 2566 omnino
929 2501 1065 2568 siluerit.

216 2587 372 2652 Editores
394 2593 505 2653 textus
527 2588 631 2670 ipsius
653 2594 728 2670 post
746 2586 891 2653 Millium
913 2587 1048 2670 plurimi
1070 2586 1217 2652 eiusdem
1234 2592 1375 2672 generis

131 2673 296 2757 catalogos
318 2672 386 2739 suis
408 2673 649 2758 prolegomenis
671 2671 882 2739 inseruerunt
903 2694 1021 2756 eosque
1041 2672 1123 2738 tales
1145 2679 1183 2738 ut
1203 2673 1238 2738 id
1258 2676 1375 2759 ipsum

130 2759 274 2825 maxime
296 2760 497 2842 respicerent
516 2760 603 2844 quod
625 2769 659 2827 et
680 2758 775 2825 nobis
796 2762 1008 2844 praecipuum
1025 2761 1096 2839 fuit,
1119 2759 1246 2825 scilicet
1264 2763 1375 2849 scrip-

130 2852 225 2911 turae
259 2866 394 2930 graecae
422 2848 722 2914 conformationem.
772 2845 866 2910 Inter
894 2867 974 2929 quos
1002 2866 1081 2929 prae
1108 2847 1246 2912 caeteris
1282 2870 1374 2916 com·

131 2932 252 2998 mendo
285 2932 509 2998 Wctstenium
542 2933 636 2999 cuius
668 2930 900 3016 prolegomena
928 2933 1029 2997 etiam
1066 2931 1245 3014 separatim
1284 2934 1376 3002 edita

132 3025 211 3085 sunt
227 3040 302 3085 cum
324 3018 557 3085 additamentis
579 3019 605 3084 Ι.
625 3019 660 3086 S.
680 3016 822 3085 Semleri
844 3018 935 3101 (Hal.
951 3019 1057 3103 1764),
1080 3024 1150 3082 tum
1167 3018 1375 3105 Bengelium

131 3107 225 3172 cuius
253 3114 431 3189 apparatus
460 3106 593 3172 criticus
627 3126 685 3171 suo
717 3105 787 3170 loco
816 3104 1021 3183 laudabitur,
1053 3106 1140 3169 inter
1167 3108 1376 3176 recentiores

129 3213 209 3259 vero
231 3191 471 3257 Tischendorfii
493 3192 670 3257 editionem
692 3192 914 3257 novissimam.
950 3189 1017 3270 Qui
1039 3200 1149 3256 tamen
1167 3211 1288 3260 omnes
1307 3216 1377 3263 non

129 3276 165 3342 id
186 3278 329 3362 agebant
350 3286 388 3342 ut
409 3279 557 3343 omnium
574 3279 757 3344 editionum
776 3297 859 3360 quae
877 3298 1023 3361 unquam
1041 3276 1165 3342 fuerint
1182 3276 1377 3349 absolutam

132 3365 250 3429 seriem
272 3371 496 3443 recenserent,
526 3364 583 3429 sed
604 3365 795 3447 praecipuas
817 3370 947 3428 tantum
974 3367 1070 3429 etin
1097 3363 1299 3435 enarrandis
1328 3367 1378 3435 rei

133 3450 265 3516 criticae
285 3450 361 3516 fatis
382 3472 449 3514 non
472 3451 726 3533 praetereundas
748 3449 898 3532 pluribus
920 3456 1112 3516 tractarunt

218 3533 313 3600 Idem
335 3535 376 3602 ds
398 3536 424 3601 Ι.
447 3536 472 3605 I.
500 3536 716 3603 Griesbachio
739 3535 913 3601 dicendum
935 3538 1026 3602 cuius
1053 3541 1163 3602 exstat
1189 3533 1379 3621 singularis

132 3621 263 3688 libellus
285 3621 325 3688 de
346 3622 387 3688 N.
407 3623 443 3688 Τ.
466 3624 576 3708 graeci
598 3623 803 3699 editionibus,
827 3623 929 3687 Temo
946 3623 991 3687 II.
1010 3623 1119 3688 Musei
1130 3622 1269 3705 Hagani
1291 3630 1377 3693 l'l'l‘l

133 3710 278 3775 insertus
306 3730 405 3792 quem
427 3709 489 3776 hoo
510 3710 579 3776 loco
600 3709 674 3776 ideo
695 3715 828 3772 tantum
850 3708 983 3792 adtingo
1004 3730 1046 3774 ne
1068 3709 1210 3773 iniustae
1233 3710 1379 3781 oblivio·

133 3797 186 3862 nis
213 3796 338 3860 crimen
365 3796 544 3862 incurram.
589 3796 640 3861 Eo
663 3795 751 3860 enim
779 3794 914 3859 minime
941 3795 1130 3861 continetur
1159 3792 1283 3862 notitia
1309 3801 1380 3867 edi-

134 3884 263 3948 tionum
286 3881 553 3966 bibliographica,
583 3881 640 3948 ssd
669 3881 777 3963 potius
804 3880 984 3946 orationem
1011 3902 1071 3964 pro
1100 3880 1197 3945 domo
1222 3880 1381 3953 habitam

135 3969 257 4034 dixeris
286 3989 350 4051 qua
376 3990 464 4036 nova
492 3991 552 4034 sua
583 3966 760 4050 multisque
791 3975 941 4050 suspecta
973 3968 1085 4034 critica
1112 3967 1293 4034 conamina
1322 3994 1381 4039 ex-

135 4055 252 4139 emplis
274 4057 315 4121 ab
338 4055 576 4139 antiquioribus
604 4054 752 4137 repetitis
775 4053 948 4119 defendere
976 4052 1103 4120 studuit
1123 4051 1188 4116 Vir
1214 4052 1381 4127 illustris·

134 4166 247 4213 simus.

223 4229 416 4315 Sequuntur
437 4249 541 4308 nunc,
570 4226 690 4294 nevel
716 4226 853 4291 minoris
878 4226 1038 4291 momenti
1063 4224 1301 4293 recensionum
1324 4231 1383 4299 ob·

135 4318 214 4383 litus
243 4337 314 4382 esse
342 4315 471 4395 videar,
500 4315 666 4400 praecipui
695 4312 855 4378 librorum
880 4312 1119 4396 isagogicorum
1145 4331 1225 4394 quos
1257 4323 1384 4383 vocant

136 4403 321 4487 scriptores,
344 4422 484 4483 quorum
502 4401 615 4466 nullus
643 4421 721 4464 sane
748 4405 851 4463 totam
872 4406 1004 4463 nostrae
1026 4395 1242 4463 bibliothecae
1267 4404 1383 4487 supel-

136 4489 278 4556 lectilem
300 4489 470 4554 adstruere
498 4486 559 4554 sibi
582 4486 736 4570 sumpsit,
765 4491 800 4550 at
820 4484 1042 4568 unusquisque
1069 4483 1169 4548 iniis
1197 4503 1287 4566 quae
1316 4487 1384 4575 ipsi

136 4574 274 4642 dicenda
295 4573 493 4642 videbantur
513 4593 581 4638 non
609 4573 673 4638 nisi
695 4591 774 4637 vera
807 4577 840 4636 et
871 4577 1022 4636 accurata
1050 4588 1201 4654 promere
1223 4569 1381 4641 debebat

19 4668 53 4720 k
137 4659 264 4729 Verum
289 4660 400 4728 hercle
431 4660 529 4747 longe
556 4659 649 4726 abest
681 4655 895 4742 quinariis
928 4655 1052 4738 aliquid
1079 4654 1161 4721 certi
1189 4653 1320 4740 discas,
1354 4660 1382 4727 si
