3000 5024
137 223 197 284 202
652 222 771 280 CAPUT
789 223 850 278 XV·
1346 224 1373 272 Δ

39 499 41 503 ’
138 485 186 546 14.
209 478 503 544 cenrenmenn
520 490 592 561 aaa
607 488 781 557 aeaeae,
798 487 949 561 mnata
967 487 1008 545 w.
1026 485 1110 544 naa
1126 493 1153 542 a
1176 485 1218 543 n.
1230 485 1372 544 emata

673 574 762 633 1809.
799 574 826 633 8.

220 703 432 790 Cantabrigia
460 705 518 770 illa
544 725 608 770 non
630 705 815 770 britannica
844 710 892 770 est
920 704 1040 770 artium
1068 703 1252 770 liberalium
1280 701 1374 768 alma

134 790 263 870 nutrix,
297 790 355 856 sed
388 812 474 856 nova
507 791 667 873 quaedam
695 798 728 857 et
754 792 921 856 obscurior
948 789 1133 854 americann
1160 791 1194 854 in
1223 788 1372 855 dominio

133 877 385 955 Massaohusets,
409 878 465 942 ubi
487 876 693 943 Gricsbachii
722 877 898 943 editionem
927 876 1114 942 manualem
1142 875 1229 961 typis
1258 875 1373 941 denuo

133 962 323 1029 mandatam
344 984 414 1028 esse
437 986 477 1028 ex
500 963 603 1029 literis
626 963 710 1029 Ildu.
734 962 926 1029 Robinsonii
951 962 1057 1028 didici.

312 1118 385 1217 ras*
415 1119 584 1214 'mpsim
601 1158 733 1214 aaran
751 1157 787 1213 a.
806 1160 831 1214 1.
850 1157 997 1215 coatia.
1031 1153 1121 1216 1825.
1153 1154 1181 1216 s.

219 1289 344 1354 Ultima
377 1288 458 1354 haec
485 1289 526 1353 N.
554 1290 590 1354 Τ.
622 1288 874 1355 Griesbachiani
906 1289 1027 1374 integri
1065 1288 1164 1354 editio
1195 1309 1238 1355 cx
1270 1291 1372 1356 tertia

133 1376 176 1458 (a.
205 1379 298 1455 1805)
322 1376 565 1441 accuratissime
587 1373 645 1440 sed
667 1376 776 1458 paullo
799 1376 915 1441 maiori
936 1377 1041 1441 forma
1062 1396 1218 1458 exprossa
1240 1382 1303 1442 est.

245 1568 319 1630 lli.ll
362 1568 495 1624 HALAE
514 1569 580 1626 Sca.
598 1572 628 1626 in
646 1571 760 1641 officina
777 1571 896 1627 libraria
914 1569 1068 1626 Geminae„
1090 1568 1182 1633 1809.
1214 1567 1241 1630 8.

218 1702 404 1787 Synopscos
423 1702 700 1768 Griesbaehianao
719 1701 817 1795 iditi⁰
840 1702 938 1766 tertia
959 1694 1162 1766 emendatior
1179 1707 1214 1766 ot
1231 1703 1367 1768 auctior.

132 1786 267 1855 Scilicet
287 1789 414 1853 auctior
433 1787 553 1854 dicitnr
573 1809 610 1852 co
628 1789 759 1853 nomine
777 1787 864 1869 quod
881 1789 1003 1870 passim
1021 1787 1076 1853 vel
1093 1788 1176 1853 citra
1192 1787 1368 1854 historiam

130 1874 291 1956 passionis
314 1875 484 1956 pericopae
505 1876 662 1939 ioanncao
684 1874 864 1958 synopticis
887 1873 1031 1938 adiectae
1050 1881 1134 1938 sunt
1181 1875 1309 1940 'Portus
1326 1896 1369 1940 ex

132 1959 275 2024 editione
298 1960 463 2044 Lipsiensi
485 1961 615 2044 petitae,
638 1961 686 2024 ita
707 1960 817 2031 tamon
839 1958 977 2025 uthina
1004 1959 1082 2025 inde
1110 1959 1164 2025 vel
1190 1958 1369 2026 lectionem

130 2046 237 2128 ipsam
258 2045 312 2111 vol
339 2047 457 2111 saltem
479 2048 574 2131 signa
601 2066 663 2110 sua
690 2045 803 2111 critica
831 2045 938 2110 editor
964 2052 1117 2110 mutaret.
1160 2046 1214 2111 Ex
1241 2047 1369 2112 nostris

130 2131 209 2197 locis
243 2131 307 2197 huo
340 2141 407 2196 tres
439 2127 571 2196 tantum
604 2132 785 2213 pertinent:
818 2131 921 2196 Maro.
950 2136 978 2211 3,
1003 2134 1052 2196 32.
1086 2132 1143 2199 ubi
1171 2133 1319 2197 restituit
1345 2133 1367 2198 l

132 2215 258 2300 (lompl.
282 2216 360 2302 (Gt)
383 2240 490 2301 nuper
512 2218 669 2296 deletam,
698 2218 800 2283 Marc.
825 2222 853 2295 6,
878 2221 926 2282 33.
957 2218 1013 2283 ubi
1040 2217 1127 2282 redit
1154 2217 1195 2283 ad
1224 2219 1366 2299 primam

131 2325 224 2369 suam
244 2306 310 2377 (Al
325 2305 364 2369 cf.
376 2311 435 2379 Ap)
458 2311 491 2370 et
501 2304 548 2369 Io.
569 2307 619 2382 20,
641 2308 688 2368 16.
711 2302 765 2368 ubi
783 2304 913 2385 reponit
923 2302 1009 2386 quod
1021 2303 1181 2370 habuerat
1191 2303 1271 2368 olim
1284 2308 1366 2382 (Af).

252 2497 326 2556 ra*
368 2496 502 2553 nnana
523 2497 589 2554 saa.
606 2500 636 2554 a
653 2499 769 2569 afleta
789 2499 907 2554 raram
926 2499 1069 2555 masaa.
1101 2497 1189 2558 rara.
1221 2498 1247 2557 s.

204 2619 376 2695 Eiusdem
405 2650 585 2712 synopseos
614 2630 711 2695 editio
740 2640 857 2713 quarta
884 2639 917 2694 et
943 2631 1060 2695 ultima
1086 2653 1127 2696 ex
1155 2632 1367 2715 praecedenti

12 2787 14 2791 ,
130 2724 204 2799 post
226 2715 435 2782 Griosbaehii
458 2715 582 2781 obitum
605 2716 848 2782 accuratissimo
870 2716 1039 2800 descripta.

198 2927 269 2987 18.il
313 2925 466 2983 LIPSIAE
485 2928 556 2999 (sine
572 2929 679 2983 anana
695 2929 855 3001 batliopolao
871 2929 914 2982 ccl
933 2928 1115 3000 typoyraplti).
1149 2925 1237 2985 1809.
1270 2927 1299 2989 8.

215 3059 370 3125 Oontinet
403 3060 483 3125 haec
516 3059 615 3124 editio
648 3065 780 3124 textum
809 3057 1016 3125 Griesbaohii
1048 3058 1256 3142 Lipsiensem
1290 3082 1366 3126 cnm

129 3146 281 3210 omnibus
302 3147 369 3211 suis
391 3145 622 3210 additamentis
644 3146 779 3222 criticis,
809 3145 889 3227 ipsis
912 3146 1000 3230 typis
1023 3144 1284 3211 Goeschenianis
1306 3167 1364 3212 cx·

128 3253 286 3315 pressum,
310 3231 498 3297 etSchottii
515 3231 699 3296 versionem
718 3230 865 3295 latinam.
895 3231 1021 3295 Verum
1039 3231 1154 3298 titulus
1171 3231 1208 3296 in
1228 3233 1365 3298 nornine

128 3317 191 3382 loci
219 3317 363 3382 mendax
390 3328 454 3395 est,
489 3316 574 3400 qnod
602 3318 750 3383 absentia
775 3316 918 3381 nominis
950 3317 1142 3400 bibliopolae
1168 3316 1295 3399 prodit,
1329 3325 1365 3384 et

127 3403 239 3468 iuncta
261 3402 464 3468 diversorum
488 3403 652 3468 editorum
674 3423 772 3485 opera
792 3423 859 3466 non
882 3402 954 3468 sino
974 3403 1089 3468 fraudo
1115 3402 1198 3468 liber
1218 3403 1284 3468 iste
1307 3402 1364 3470 do-

128 3490 248 3554 scribit.
294 3489 464 3554 Tribuitur
486 3489 540 3555 hic
562 3488 645 3553 libor
665 3488 897 3571 Foichtingero
919 3488 1046 3552 cuidam
1064 3487 1258 3572 bibliopolae
1278 3490 1360 3555 Lin-

128 3575 197 3638 ziae
218 3574 252 3637 in
266 3575 401 3640 Austria
423 3575 564 3658 degenti,
588 3575 640 3639 cni
662 3574 1040 3639 fortasscGoesehonius
1062 3582 1216 3659 typorum
1238 3576 1364 3643 formas

128 3659 328 3737 vendiderat,
351 3661 403 3725 vel
425 3661 558 3743 Lipsiae
580 3662 773 3743 permiserat
792 3659 1000 3725 exercendas.

261 3869 335 3930 rar
378 3869 566 3929 nnnonnu
583 3872 713 3945 emanat
730 3880 756 3927 a
772 3874 844 3946 typis
862 3871 898 3927 a.
916 3872 1047 3928 samaa.
1080 3870 1169 3931 rara.
1202 3874 1229 3932 4.

214 4000 374 4087 Synopsis
396 4003 643 4086 evangeliorum
666 4003 838 4081 Matthaei,
861 4003 967 4068 Marci
988 4013 1022 4067 ct
1044 4004 1157 4068 Lucae
1181 4025 1257 4069 cum
1286 4027 1363 4090 par·

128 4087 234 4154 allelis
260 4088 396 4153 Ioannis
425 4089 585 4171 pericopis
611 4111 691 4155 cura
719 4088 809 4155 Gnil.
837 4089 937 4154 Mart.
965 4087 1081 4154 Lebcr.
1113 4088 1153 4155 do
1179 4089 1297 4156 Wette
1330 4101 1365 4159 ot

128 4174 291 4240 Friderioi
316 4174 432 4239 Inteko
459 4173 556 4239 edita.
609 4173 704 4255 Quae
731 4197 751 4240 a
777 4174 911 4257 reliquis
939 4175 1085 4240 eiusdem
1112 4176 1243 4259 generis
1269 4177 1364 4245 libris

128 4261 287 4326 hactenus
308 4260 420 4325 differt
441 4259 528 4341 qnod
549 4281 588 4326 ea
606 4283 682 4344 pars
700 4272 810 4324 textus
832 4263 868 4325 in
887 4283 951 4342 qua
968 4270 1036 4326 tres
1054 4261 1278 4346 evangelistae
1296 4285 1363 4329 non

128 4345 270 4411 eundem
288 4367 397 4412 rernm
415 4361 448 4411 et
465 4346 662 4412 narrationis
684 4345 833 4411 ordinem
850 4354 1031 4431 sequuntur
1051 4354 1104 4412 ter
1121 4347 1287 4432 descripta
1304 4358 1362 4429 cst,

128 4439 166 4496 ut
188 4433 444 4514 uniuscuiusque
471 4430 546 4495 libri
569 4438 662 4496 tenor
684 4431 821 4497 subinde
847 4431 964 4499 lectori
991 4433 1195 4499 exhibeatur.
1237 4437 1362 4502 'Partus

129 4539 202 4583 cum
234 4519 314 4600 ipsis
347 4517 450 4603 signis
483 4516 604 4584 criticis
632 4540 673 4584 ex
705 4518 846 4584 editione
878 4540 1056 4605 synopseos
1084 4519 1363 4589 Griesbachianae

130 4603 207 4668 anni
233 4608 311 4667 1809
334 4603 528 4688 desumptus
549 4610 608 4669 est.
