3000 5024
184 234 225 295 44
649 180 665 208 ⁸
719 228 837 286 orror
855 230 889 286 11.
1401 224 1426 281 o

184 408 296 469 torum
317 402 464 470 studium
485 401 721 487 quodammodo
743 400 972 470 oommendare
993 399 1133 468 videtur.
1177 398 1211 467 N
1212 419 1266 466 am
1295 399 1426 484 quomi-

186 512 250 555 nus
282 490 440 555 maiorem
472 488 620 556 oodioum
654 499 849 574 apparatum
882 490 1112 572 conquirerent
1144 486 1358 553 Basileenses
1392 492 1427 553 et

187 577 498 660 Argentoratenses‚
530 576 566 640 in
599 597 738 658 quorum
771 576 977 642 bibliothecis
1009 574 1063 642 vol
1096 573 1193 640 hodie
1224 573 1427 657 pauoissima

186 660 332 727 subsidia
364 669 493 728 exstare
522 662 691 741 novimus,
731 662 874 745 plurima
904 662 1078 726 obstabant
1109 667 1142 725 et
1174 659 1265 725 illius
1299 658 1427 725 saeouli

186 768 283 814 ourao
305 748 410 812 multo
431 748 537 832 magis
566 769 723 823 sensuum
750 768 917 814 saororum
938 745 1164 813 salubritatem
1181 766 1281 828 quam
1309 746 1426 830 siugu-

186 833 294 899 lorum
319 835 552 901 voeabulorum
580 835 750 917 apioumve
779 835 1002 919 integritatem
1031 831 1198 899 declarare
1221 839 1255 897 et
1275 831 1427 898 stabilire

185 920 378 1004 gestiebant.
423 921 470 985 Et
498 919 725 1004 Complutensi
754 921 935 1004 exemplari
954 919 996 985 ad
1023 917 1265 984 emendandum
1292 924 1427 984 textum

184 1007 294 1089 ipsum
314 1007 493 1073 Erasmum
521 1029 589 1073 non
616 1007 819 1089 frequentius
848 1028 943 1072 usum
974 1025 1046 1072 esse
1074 1005 1210 1071 minime
1238 1004 1426 1085 miraberis,

185 1091 214 1158 si
235 1092 494 1159 oonsideraveris
516 1115 600 1172 eum,
624 1114 687 1177 quo
708 1093 779 1160 loeo
801 1100 835 1159 ot
855 1099 950 1175 paeto
971 1089 1054 1156 illud
1074 1091 1212 1157 meliora
1238 1089 1426 1173 praeberet,

185 1199 228 1243 ex
249 1179 319 1243 suis
342 1180 443 1262 oopiis
465 1180 525 1245 vix
542 1179 726 1244 discernere
748 1180 900 1263 potuisse.
935 1179 1042 1263 Igitur
1063 1176 1100 1243 in
1121 1176 1190 1242 sola
1208 1176 1427 1261 Apocalypsi,

184 1265 277 1330 ouius
301 1286 404 1329 unum
434 1285 576 1348 eumque
604 1266 765 1349 pessimae
793 1271 890 1331 notae
913 1263 1057 1330 oodioem
1085 1272 1202 1329 naotus
1230 1269 1312 1352 erat,
1341 1263 1426 1329 His·

183 1370 343 1433 panorum
365 1351 522 1417 lectiones
544 1352 673 1436 saepius
696 1373 772 1417 suas
793 1351 900 1416 faeere
921 1370 990 1415 non
1011 1349 1184 1416 dubitavit.

698 1684 704 1688 ..
714 1682 901 1691 „a-V—--ss
