3000 5024
142 228 203 294 130
528 236 531 241 '
660 228 777 287 CAPUT
795 228 845 286 11.
1344 227 1371 282 X

139 400 345 470 insimulavit
355 401 536 469 hominum
548 401 756 471 indoctorum
771 409 806 470 et
816 423 1019 469 morosorum
1030 400 1182 473 vecordia
1194 399 1292 478 (51.1,
1306 399 1368 466 115

138 487 286 569 Moches,
310 487 562 556 &uceticensis
583 491 628 557 ed.
660 489 703 557 N.
728 490 763 555 Τ.
796 491 979 556 teduisam.
1009 490 1103 556 Rost.
1135 491 1243 567 1696),
1271 507 1370 571 quem

138 580 252 639 nostra
274 580 364 641 aetas
386 576 573 642 criticorum
600 576 669 642 fere
699 576 880 661 principem
908 584 942 642 et
969 575 1220 660 antesignanum
1247 573 1371 637 salutat

138 666 172 725 et
189 683 267 727 sane
284 662 448 727 immerito
465 662 598 746 Hugius
617 662 749 742 (1.317)
769 664 861 746 quasi
881 663 1108 730 Elaevirorum
1125 659 1370 727 buccinatorem

134 748 337 831 perstringit.

221 835 347 900 Textus
374 835 550 900 exhibetur
571 834 800 900 Elaevirianae
823 833 985 901 secundae
1007 835 1122 918 (1633)
1150 831 1260 898 addito
1282 832 1366 896 Luc.

138 925 187 1000 10,
222 923 272 984 tt.
304 920 364 1005 (F)
391 925 443 984 recl
474 925 619 1007 στραφεὶς
646 927 743 986 caett.
794 920 921 987 Locum
949 921 1112 986 famosum
1143 925 1170 983 1.
1197 918 1245 985 Io.
1274 923 1304 998 5,
1341 923 1369 983 7.

133 1004 229 1072 uncis
255 1007 398 1073 inclusit.
448 1007 631 1091 Exemplar
660 1027 770 1072 meum
802 1027 923 1072 nomen
950 1006 1085 1072 Lorokii
1118 1003 1302 1092 αὐτόγραφον
1333 1002 1371 1069 in

132 1093 243 1158 fronte
265 1094 358 1178 gerit.

263 1304 338 1366 su*
381 1303 671 1361 nusrunonnur
688 1322 734 1378 ap.
751 1304 830 1360 non.
847 1304 1024 1360 matam.
1062 1304 1152 1366 vsvs.
1189 1301 1239 1368 ra.

219 1438 262 1501 In
289 1437 487 1504 editionibus
509 1438 616 1504 tribus
643 1444 718 1522 post
740 1437 922 1504 Ourcellaei
945 1437 1070 1502 obitum
1096 1435 1259 1520 evulgatis
1285 1434 1369 1500 nihil

132 1529 298 1588 mutatum
327 1524 391 1589 nisi
413 1525 498 1608 quod
518 1545 557 1590 ea
577 1545 653 1607 pars
675 1525 849 1591 lectionum
871 1523 1079 1601 variantium,
1109 1543 1189 1606 quas
1211 1527 1310 1587 antea
1332 1521 1370 1585 in

131 1609 314 1694 appendice
335 1610 505 1676 addiderat
527 1617 631 1690 autor,
652 1612 721 1675 iam
742 1611 811 1675 suis
831 1609 911 1676 locis
929 1611 1065 1676 caeteris
1086 1610 1217 1674 iunctae
1237 1614 1371 1673 suntet

132 1696 169 1760 in
190 1697 280 1763 calce
301 1696 448 1763 adiectus
466 1703 517 1763 est
537 1697 694 1782 prologus
712 1716 849 1781 graecus
870 1697 907 1760 in
929 1696 1083 1780 epistolas
1100 1694 1253 1780 paulinas
1270 1714 1369 1778 quem

132 1781 210 1848 olim
230 1783 408 1851 Boeolerus
427 1783 550 1867 publici
570 1784 651 1850 iuris
673 1784 803 1850 facerat.

274 1996 348 2058 aa*
390 1993 679 2054 nusvuuonnur
699 1995 1021 2069 abparatum.
1059 1992 1149 2055 1685.
1186 1991 1232 2056 rs.

217 2128 330 2196 Editio
351 2130 536 2196 Ourcellaei
559 2131 694 2196 tertias
715 2129 926 2214 praecedenti
947 2128 1106 2195 hactenus
1128 2127 1259 2194 diversa
1279 2125 1369 2210 quod

131 2221 245 2282 textus
266 2237 325 2300 per
345 2217 442 2283 binas
464 2217 633 2284 columnas
656 2217 839 2300 exscriptus
860 2223 918 2282 est

189 2423 265 2486 aa*
306 2425 595 2484 Ausruuonnm
612 2428 764 2502 masaa
785 2429 821 2484 r.
839 2436 866 2484 a
883 2430 908 2483 ι.
925 2428 1018 2484 aaa
1034 2436 1112 2486 saar.
1148 2425 1238 2488 reso.
1266 2423 1314 2488 12.

220 2559 439 2627 Praecedenti
460 2563 594 2626 omnino
617 2560 742 2627 similis.
788 2559 841 2626 De
859 2561 912 2625 his
934 2561 1167 2644 posterioribus
1185 2559 1370 2627 Ouroellaei

132 2645 330 2713 editionibus
352 2649 390 2712 ct
412 2649 663 2732 Baumgartenii
680 2647 724 2712 Η.
743 2648 783 2712 Β.
796 2647 854 2712 IV.
881 2652 950 2725 198,
973 2647 1088 2713 Eiusd.
1108 2647 1230 2714 Nachr.
1247 2647 1294 2714 IL
1318 2649 1369 2708 32.

133 2732 232 2799 VIII.
260 2739 307 2815 12,
329 2733 521 2801 Knoohium
541 2755 573 2817 p.
597 2737 669 2814 456,
693 2732 853 2800 Goeaium
873 2754 905 2817 p.
929 2738 980 2800 55.

362 2944 437 3007 83.*
479 2941 584 3003 MONS
602 2945 664 3001 obaz
685 2945 821 3019 Gaapard
836 2947 949 3018 Mipoet.
985 2945 1075 3006 1673.
1111 2944 1140 3009 8.

219 3076 331 3143 Editio
362 3078 531 3163 trilinguis
559 3079 664 3144 textui
697 3099 815 3163 graeco
847 3079 1019 3165 vulgatum
1054 3078 1194 3145 latinum
1223 3079 1370 3165 iungens

133 3163 251 3247 gallica
271 3165 440 3230 Montensi
462 3165 621 3243 versione,
649 3186 731 3248 quae
761 3164 889 3243 dicitur,
917 3165 1025 3231 medio
1053 3165 1123 3232 loeo
1150 3165 1268 3250 posita.
1317 3166 1369 3231 Le

132 3251 281 3334 Longius
304 3251 390 3317 hanc
411 3273 477 3316 non
498 3252 533 3316 in
553 3250 670 3336 Belgio
692 3250 750 3317 sed
771 3252 946 3336 Rotomagi
969 3271 1122 3318 excusam
1144 3260 1242 3335 putat
1255 3252 1368 3318 neseio

134 3357 200 3419 quo
221 3337 303 3401 iure.
350 3337 448 3403 Certe
466 3339 691 3421 episcoporum
715 3337 846 3404 additae
868 3337 1115 3422 approbationes
1136 3337 1295 3421 Belgium
1311 3359 1369 3422 pa·

131 3424 229 3487 triam
252 3422 327 3487 libri
349 3424 497 3489 indicant
519 3433 552 3489 et
573 3425 629 3506 qui
650 3424 831 3508 imaginem
848 3424 984 3488 Domini
1004 3446 1078 3491 cum
1097 3423 1266 3508 discipulis
1288 3444 1369 3491 con·

131 3509 294 3575 versantis
315 3510 414 3574 fronti
436 3509 612 3576 voluminis
629 3510 812 3593 oppositam
830 3511 898 3575 aevi
914 3509 1032 3577 incidit
1050 3533 1092 3576 ex
1113 3510 1246 3574 nomine
1264 3510 1368 3576 Flan-

131 3593 221 3660 driae
243 3594 297 3661 vel
314 3596 404 3682 ,alius
425 3597 587 3662 inferioris
609 3597 798 3681 provinciae
820 3596 901 3663 civis
922 3597 1023 3681 fuisse
1044 3597 1262 3683 cognoscitur.

217 3678 344 3746 Tantus
366 3703 503 3765 graecus
525 3704 543 3747 5
562 3681 746 3748 (lurecllaei
767 3680 907 3748 editione
925 3690 1076 3768 sumptus
1098 3681 1190 3748 cuius
1207 3681 1368 3750 lectiones

130 3767 314 3851 singulares
336 3766 391 3832 hie
413 3767 533 3833 adsunt
563 3768 707 3852 adeoque
733 3768 884 3834 uncinuli
909 3769 946 3833 in
975 3769 996 3834 l.
1028 3775 1054 3834 1.
1082 3768 1130 3834 Io.
1165 3773 1195 3848 5,
1225 3773 1252 3833 t.
1304 3769 1367 3835 Bis

129 3860 242 3919 tamen
269 3854 309 3920 ab
338 3853 452 3920 eadem
474 3855 651 3938 discrepat:
675 3856 778 3921 Marc.
802 3858 831 3935 8,
864 3857 912 3920 24.
936 3855 982 3933 (J.
1011 3859 1065 3933 76)
1093 3854 1166 3922 add.
1195 3852 1271 3940 too,
1298 3876 1368 3922 non

128 3941 210 4005 item
232 3934 289 4020 du,
312 3947 346 4006 et
368 3943 441 4008 Act.
466 3947 494 4022 9,
519 3946 568 4006 35.
591 3941 727 4007 exhibet
748 3939 986 4025 Stephanioum
1008 3943 1157 4028 σαρωνᾶν.

306 4149 381 4215 84.*
423 4151 671 4210 AMSTERDAM
687 4155 721 4226 hy
738 4155 794 4210 Ian
813 4155 987 4212 Ricawertrz.
1023 4153 1114 4214 1693.
1148 4151 1178 4215 4.

214 4286 436 4372 Evangelium
464 4286 628 4352 Matthaei
660 4294 694 4352 et
722 4287 906 4370 Epistulam
933 4287 975 4352 ad
1004 4289 1173 4353 Romanos
1203 4285 1240 4351 in
1266 4307 1369 4353 usum

127 4374 271 4441 tironum
295 4394 338 4440 ex
366 4373 511 4440 editione
532 4373 715 4440 (lurcellaei
742 4373 922 4459 descripsit,
945 4372 1057 4440 addita
1078 4372 1198 4440 Adami
1219 4372 1370 4440 Boreelii

127 4461 279 4528 versione
299 4461 503 4527 interlineari
533 4461 668 4545 belgica,
692 4460 878 4527 Guilelmus
898 4460 1043 4527 Homma
1064 4459 1280 4543 nescioquis,
1308 4461 1371 4545 qui

127 4556 161 4614 et
192 4548 352 4614 lectiones
383 4548 550 4616 variantes
583 4569 625 4613 ex
659 4545 823 4614 codicibus
855 4545 909 4614 vel
947 4548 1060 4631 potius
1096 4568 1139 4615 ex
1172 4545 1370 4614 Ouroellaeo

120 4632 250 4716 petitas
275 4634 358 4701 itam
379 4651 422 4700 ex
442 4634 594 4702 versione
620 4631 751 4719 syriam
777 4631 905 4714 adscit.
926 4640 961 4700 at
987 4633 1108 4703 vitium
1133 4630 1371 4705 ubertatum
