<?xml version="1.0" encoding="UTF-8"?>
<!DOCTYPE html PUBLIC "-//W3C//DTD XHTML 1.0 Transitional//EN"
    "http://www.w3.org/TR/xhtml1/DTD/xhtml1-transitional.dtd">
<html xmlns="http://www.w3.org/1999/xhtml" xml:lang="en" lang="en">
 <head>
  <title>
</title>
<meta http-equiv="Content-Type" content="text/html;charset=utf-8" />
  <meta name='ocr-system' content='tesseract 3.04.00' />
  <meta name='ocr-capabilities' content='ocr_page ocr_carea ocr_par ocr_line ocrx_word'/>
</head>
<body>
  <div class='ocr_page' id='page_1' title='image "./bibliothecanovi00reusgoog_0252.png"; bbox 0 0 3000 5024; ppageno 0'>
   <div class='ocr_carea' id='block_1_1' title="bbox 514 223 1371 297">
    <p class='ocr_par' dir='ltr' id='par_1_1' title="bbox 514 223 1371 297">
     <span class='ocr_line' id='line_1_1' title="bbox 514 223 1371 297; baseline 0.02 -16"><span class='ocrx_word' id='word_1_1' title='bbox 514 223 709 285; x_wconf 70' lang='lat' dir='ltr'>uumerus</span> <span class='ocrx_word' id='word_1_2' title='bbox 727 225 987 284; x_wconf 79' lang='lat' dir='ltr'><strong>SOHOLZIANAE.</strong></span> <span class='ocrx_word' id='word_1_3' title='bbox 1309 233 1371 297; x_wconf 74' lang='lat'>237</span> 
     </span>
    </p>
   </div>
   <div class='ocr_carea' id='block_1_2' title="bbox 137 397 1371 1092">
    <p class='ocr_par' dir='ltr' id='par_1_2' title="bbox 137 397 1371 1092">
     <span class='ocr_line' id='line_1_2' title="bbox 138 397 1371 488; baseline 0.005 -22"><span class='ocrx_word' id='word_1_4' title='bbox 138 397 284 481; x_wconf 79' lang='lat' dir='ltr'>lmdiee,</span> <span class='ocrx_word' id='word_1_5' title='bbox 314 420 396 484; x_wconf 86' lang='lat' dir='ltr'>quas</span> <span class='ocrx_word' id='word_1_6' title='bbox 422 421 442 466; x_wconf 84' lang='lat' dir='ltr'>a</span> <span class='ocrx_word' id='word_1_7' title='bbox 467 423 502 468; x_wconf 90' lang='lat' dir='ltr'>se</span> <span class='ocrx_word' id='word_1_8' title='bbox 530 400 673 468; x_wconf 82' lang='lat' dir='ltr'>invicem</span> <span class='ocrx_word' id='word_1_9' title='bbox 706 400 909 488; x_wconf 79' lang='lat' dir='ltr'>distinguere</span> <span class='ocrx_word' id='word_1_10' title='bbox 930 408 1067 487; x_wconf 76' lang='lat' dir='ltr'><strong>oportet,</strong></span> <span class='ocrx_word' id='word_1_11' title='bbox 1095 404 1245 487; x_wconf 80' lang='lat' dir='ltr'>quamvis</span> <span class='ocrx_word' id='word_1_12' title='bbox 1267 403 1371 472; x_wconf 78' lang='lat' dir='ltr'><strong>editor</strong></span> 
     </span>
     <span class='ocr_line' id='line_1_3' title="bbox 138 485 1371 576; baseline 0.004 -23"><span class='ocrx_word' id='word_1_13' title='bbox 138 485 282 553; x_wconf 90' lang='lat' dir='ltr'>eundem</span> <span class='ocrx_word' id='word_1_14' title='bbox 303 486 436 572; x_wconf 87' lang='lat' dir='ltr'>utrique</span> <span class='ocrx_word' id='word_1_15' title='bbox 458 488 719 571; x_wconf 46' lang='lat' dir='ltr'>textums,inesse</span> <span class='ocrx_word' id='word_1_16' title='bbox 740 489 889 555; x_wconf 86' lang='lat' dir='ltr'>affirmet.</span> <span class='ocrx_word' id='word_1_17' title='bbox 923 489 1069 556; x_wconf 84' lang='lat' dir='ltr'>Exhibet</span> <span class='ocrx_word' id='word_1_18' title='bbox 1091 497 1229 576; x_wconf 90' lang='lat' dir='ltr'>utraque</span> <span class='ocrx_word' id='word_1_19' title='bbox 1246 491 1371 558; x_wconf 84' lang='lat' dir='ltr'>scholia</span> 
     </span>
     <span class='ocr_line' id='line_1_4' title="bbox 138 571 1370 662; baseline 0.005 -23"><span class='ocrx_word' id='word_1_20' title='bbox 138 571 267 658; x_wconf 79' lang='lat' dir='ltr'>angliae</span> <span class='ocrx_word' id='word_1_21' title='bbox 289 575 491 661; x_wconf 85' lang='lat' dir='ltr'>conscripta,</span> <span class='ocrx_word' id='word_1_22' title='bbox 519 575 623 641; x_wconf 86' lang='lat' dir='ltr'>altera</span> <span class='ocrx_word' id='word_1_23' title='bbox 645 573 838 660; x_wconf 87' lang='lat' dir='ltr'>copiosiora,</span> <span class='ocrx_word' id='word_1_24' title='bbox 867 575 970 642; x_wconf 85' lang='lat' dir='ltr'>ultera</span> <span class='ocrx_word' id='word_1_25' title='bbox 997 578 1164 662; x_wconf 75' lang='lat' dir='ltr'>pauciora,</span> <span class='ocrx_word' id='word_1_26' title='bbox 1194 578 1251 643; x_wconf 92' lang='lat' dir='ltr'>illa</span> <span class='ocrx_word' id='word_1_27' title='bbox 1278 578 1370 645; x_wconf 89' lang='lat' dir='ltr'>theo·</span> 
     </span>
     <span class='ocr_line' id='line_1_5' title="bbox 137 659 1370 748; baseline 0.004 -23"><span class='ocrx_word' id='word_1_28' title='bbox 137 659 244 745; x_wconf 85' lang='lat' dir='ltr'>legiae</span> <span class='ocrx_word' id='word_1_29' title='bbox 268 659 428 727; x_wconf 78' lang='lat' dir='ltr'>studiosis</span> <span class='ocrx_word' id='word_1_30' title='bbox 456 669 489 727; x_wconf 92' lang='lat' dir='ltr'>et</span> <span class='ocrx_word' id='word_1_31' title='bbox 517 659 710 741; x_wconf 89' lang='lat' dir='ltr'>candidatis,</span> <span class='ocrx_word' id='word_1_32' title='bbox 744 661 825 729; x_wconf 89' lang='lat' dir='ltr'>haee</span> <span class='ocrx_word' id='word_1_33' title='bbox 847 662 1050 729; x_wconf 82' lang='lat' dir='ltr'>scholaribus</span> <span class='ocrx_word' id='word_1_34' title='bbox 1078 662 1241 730; x_wconf 90' lang='lat' dir='ltr'>tironibus</span> <span class='ocrx_word' id='word_1_35' title='bbox 1263 665 1370 748; x_wconf 86' lang='lat' dir='ltr'>potius</span> 
     </span>
     <span class='ocr_line' id='line_1_6' title="bbox 138 744 1368 834; baseline 0.004 -22"><span class='ocrx_word' id='word_1_36' title='bbox 138 744 310 814; x_wconf 80' lang='lat' dir='ltr'>destinata</span> <span class='ocrx_word' id='word_1_37' title='bbox 355 747 507 829; x_wconf 77' lang='lat' dir='ltr'>Quarum</span> <span class='ocrx_word' id='word_1_38' title='bbox 528 755 640 814; x_wconf 86' lang='lat' dir='ltr'>tamen</span> <span class='ocrx_word' id='word_1_39' title='bbox 662 749 780 814; x_wconf 90' lang='lat' dir='ltr'>seriem</span> <span class='ocrx_word' id='word_1_40' title='bbox 802 751 984 816; x_wconf 75' lang='lat' dir='ltr'>accuratius</span> <span class='ocrx_word' id='word_1_41' title='bbox 1012 750 1210 816; x_wconf 84' lang='lat' dir='ltr'>constituere</span> <span class='ocrx_word' id='word_1_42' title='bbox 1231 772 1368 834; x_wconf 83' lang='lat' dir='ltr'>nequeo,</span> 
     </span>
     <span class='ocr_line' id='line_1_7' title="bbox 138 834 1369 922; baseline 0.003 -24"><span class='ocrx_word' id='word_1_43' title='bbox 138 853 241 918; x_wconf 88' lang='lat' dir='ltr'>quum</span> <span class='ocrx_word' id='word_1_44' title='bbox 260 855 320 920; x_wconf 89' lang='lat' dir='ltr'>pro</span> <span class='ocrx_word' id='word_1_45' title='bbox 342 844 488 920; x_wconf 82' lang='lat' dir='ltr'>tempore</span> <span class='ocrx_word' id='word_1_46' title='bbox 510 834 640 920; x_wconf 83' lang='lat' dir='ltr'>singula</span> <span class='ocrx_word' id='word_1_47' title='bbox 661 842 792 901; x_wconf 87' lang='lat' dir='ltr'>tantum</span> <span class='ocrx_word' id='word_1_48' title='bbox 814 837 1016 922; x_wconf 87' lang='lat' dir='ltr'>exemplaria</span> <span class='ocrx_word' id='word_1_49' title='bbox 1032 837 1202 920; x_wconf 88' lang='lat' dir='ltr'>utriusque</span> <span class='ocrx_word' id='word_1_50' title='bbox 1220 836 1369 917; x_wconf 87' lang='lat' dir='ltr'>viderim,</span> 
     </span>
     <span class='ocr_line' id='line_1_8' title="bbox 137 920 1370 1008; baseline 0.002 -21"><span class='ocrx_word' id='word_1_51' title='bbox 137 926 339 987; x_wconf 83' lang='lat' dir='ltr'>caeterorum</span> <span class='ocrx_word' id='word_1_52' title='bbox 372 943 450 990; x_wconf 85' lang='lat' dir='ltr'>vero</span> <span class='ocrx_word' id='word_1_53' title='bbox 483 942 586 988; x_wconf 89' lang='lat' dir='ltr'>annos</span> <span class='ocrx_word' id='word_1_54' title='bbox 619 920 745 988; x_wconf 85' lang='lat' dir='ltr'>natales</span> <span class='ocrx_word' id='word_1_55' title='bbox 777 943 883 1006; x_wconf 89' lang='lat' dir='ltr'>neque</span> <span class='ocrx_word' id='word_1_56' title='bbox 915 926 950 988; x_wconf 92' lang='lat' dir='ltr'>in</span> <span class='ocrx_word' id='word_1_57' title='bbox 979 923 1235 1008; x_wconf 79' lang='lat' dir='ltr'>praefationibus</span> <span class='ocrx_word' id='word_1_58' title='bbox 1262 944 1370 1007; x_wconf 87' lang='lat' dir='ltr'>neque</span> 
     </span>
     <span class='ocr_line' id='line_1_9' title="bbox 137 1005 771 1092; baseline 0.002 -20"><span class='ocrx_word' id='word_1_59' title='bbox 137 1005 213 1072; x_wconf 75' lang='lat' dir='ltr'>alibi</span> <span class='ocrx_word' id='word_1_60' title='bbox 233 1027 374 1092; x_wconf 80' lang='lat' dir='ltr'>nsquam</span> <span class='ocrx_word' id='word_1_61' title='bbox 393 1006 555 1075; x_wconf 84' lang='lat' dir='ltr'>indicatos</span> <span class='ocrx_word' id='word_1_62' title='bbox 576 1008 771 1075; x_wconf 81' lang='lat' dir='ltr'>invenerim.</span> 
     </span>
    </p>
   </div>
   <div class='ocr_carea' id='block_1_3' title="bbox 284 1219 1218 1283">
    <p class='ocr_par' dir='ltr' id='par_1_3' title="bbox 284 1219 1218 1283">
     <span class='ocr_line' id='line_1_10' title="bbox 284 1219 1218 1283; baseline 0.005 -6"><span class='ocrx_word' id='word_1_63' title='bbox 284 1220 312 1282; x_wconf 86' lang='lat'>5.</span> <span class='ocrx_word' id='word_1_64' title='bbox 355 1219 519 1280; x_wconf 86' lang='lat' dir='ltr'>LONDON</span> <span class='ocrx_word' id='word_1_65' title='bbox 541 1265 897 1283; x_wconf 88' lang='grc'><strong>............</strong></span> <span class='ocrx_word' id='word_1_66' title='bbox 925 1220 1014 1283; x_wconf 75' lang='lat'>1832.</span> <span class='ocrx_word' id='word_1_67' title='bbox 1052 1221 1069 1278; x_wconf 77' lang='lat'><strong>2</strong></span> <span class='ocrx_word' id='word_1_68' title='bbox 1088 1224 1162 1280; x_wconf 79' lang='lat' dir='ltr'>tomi.</span> <span class='ocrx_word' id='word_1_69' title='bbox 1188 1223 1218 1283; x_wconf 82' lang='lat'>8.</span> 
     </span>
    </p>
   </div>
   <div class='ocr_carea' id='block_1_4' title="bbox 133 1353 1369 2200">
    <p class='ocr_par' dir='ltr' id='par_1_4' title="bbox 133 1353 1369 2200">
     <span class='ocr_line' id='line_1_11' title="bbox 220 1353 1369 1438; baseline 0.003 -18"><span class='ocrx_word' id='word_1_70' title='bbox 220 1353 360 1421; x_wconf 74' lang='lat' dir='ltr'>Praeter</span> <span class='ocrx_word' id='word_1_71' title='bbox 381 1354 445 1420; x_wconf 87' lang='lat' dir='ltr'>ulia</span> <span class='ocrx_word' id='word_1_72' title='bbox 467 1375 550 1438; x_wconf 88' lang='lat' dir='ltr'>quae</span> <span class='ocrx_word' id='word_1_73' title='bbox 571 1355 606 1421; x_wconf 91' lang='lat' dir='ltr'>in</span> <span class='ocrx_word' id='word_1_74' title='bbox 628 1353 832 1421; x_wconf 89' lang='lat' dir='ltr'>commodum</span> <span class='ocrx_word' id='word_1_75' title='bbox 855 1354 1019 1421; x_wconf 87' lang='lat' dir='ltr'>studiosae</span> <span class='ocrx_word' id='word_1_76' title='bbox 1035 1356 1218 1423; x_wconf 86' lang='lat' dir='ltr'>inventutis</span> <span class='ocrx_word' id='word_1_77' title='bbox 1236 1356 1369 1424; x_wconf 88' lang='lat' dir='ltr'>molitus</span> 
     </span>
     <span class='ocr_line' id='line_1_12' title="bbox 137 1439 1369 1524; baseline 0.002 -17"><span class='ocrx_word' id='word_1_78' title='bbox 137 1446 185 1507; x_wconf 85' lang='lat' dir='ltr'>est</span> <span class='ocrx_word' id='word_1_79' title='bbox 206 1439 315 1506; x_wconf 87' lang='lat' dir='ltr'>editor</span> <span class='ocrx_word' id='word_1_80' title='bbox 336 1441 435 1507; x_wconf 90' lang='lat' dir='ltr'>etiam</span> <span class='ocrx_word' id='word_1_81' title='bbox 457 1442 564 1524; x_wconf 91' lang='lat' dir='ltr'>ipsum</span> <span class='ocrx_word' id='word_1_82' title='bbox 586 1449 713 1507; x_wconf 87' lang='lat' dir='ltr'>textum</span> <span class='ocrx_word' id='word_1_83' title='bbox 735 1443 829 1509; x_wconf 89' lang='lat' dir='ltr'>novis</span> <span class='ocrx_word' id='word_1_84' title='bbox 851 1443 939 1507; x_wconf 89' lang='lat' dir='ltr'>euris</span> <span class='ocrx_word' id='word_1_85' title='bbox 961 1441 1135 1509; x_wconf 87' lang='lat' dir='ltr'>emendare</span> <span class='ocrx_word' id='word_1_86' title='bbox 1156 1442 1272 1509; x_wconf 80' lang='lat' dir='ltr'>voluit.</span> <span class='ocrx_word' id='word_1_87' title='bbox 1316 1443 1369 1510; x_wconf 90' lang='lat' dir='ltr'>De</span> 
     </span>
     <span class='ocr_line' id='line_1_13' title="bbox 136 1527 1368 1613; baseline 0.002 -21"><span class='ocrx_word' id='word_1_88' title='bbox 136 1546 197 1611; x_wconf 87' lang='lat' dir='ltr'>quo</span> <span class='ocrx_word' id='word_1_89' title='bbox 221 1533 341 1593; x_wconf 86' lang='lat' dir='ltr'>conatu</span> <span class='ocrx_word' id='word_1_90' title='bbox 362 1528 397 1593; x_wconf 93' lang='lat' dir='ltr'>in</span> <span class='ocrx_word' id='word_1_91' title='bbox 419 1527 623 1611; x_wconf 86' lang='lat' dir='ltr'>praefatione</span> <span class='ocrx_word' id='word_1_92' title='bbox 645 1549 705 1594; x_wconf 90' lang='lat' dir='ltr'>sua</span> <span class='ocrx_word' id='word_1_93' title='bbox 723 1528 803 1594; x_wconf 90' lang='lat' dir='ltr'>satis</span> <span class='ocrx_word' id='word_1_94' title='bbox 823 1549 943 1613; x_wconf 84' lang='lat' dir='ltr'>magna</span> <span class='ocrx_word' id='word_1_95' title='bbox 960 1528 1087 1612; x_wconf 87' lang='lat' dir='ltr'>profert</span> <span class='ocrx_word' id='word_1_96' title='bbox 1108 1550 1150 1593; x_wconf 93' lang='lat' dir='ltr'>ex</span> <span class='ocrx_word' id='word_1_97' title='bbox 1172 1529 1290 1612; x_wconf 90' lang='lat' dir='ltr'>quibus</span> <span class='ocrx_word' id='word_1_98' title='bbox 1308 1529 1368 1595; x_wconf 90' lang='lat' dir='ltr'>ali·</span> 
     </span>
     <span class='ocr_line' id='line_1_14' title="bbox 136 1612 1369 1699; baseline 0.002 -19"><span class='ocrx_word' id='word_1_99' title='bbox 136 1613 206 1698; x_wconf 90' lang='lat' dir='ltr'>quis</span> <span class='ocrx_word' id='word_1_100' title='bbox 230 1612 383 1699; x_wconf 81' lang='lat' dir='ltr'>colligere</span> <span class='ocrx_word' id='word_1_101' title='bbox 405 1621 515 1697; x_wconf 87' lang='lat' dir='ltr'>posset</span> <span class='ocrx_word' id='word_1_102' title='bbox 537 1622 682 1679; x_wconf 88' lang='lat' dir='ltr'>autorem</span> <span class='ocrx_word' id='word_1_103' title='bbox 703 1615 813 1680; x_wconf 87' lang='lat' dir='ltr'>omnia</span> <span class='ocrx_word' id='word_1_104' title='bbox 834 1614 964 1699; x_wconf 88' lang='lat' dir='ltr'>proprio</span> <span class='ocrx_word' id='word_1_105' title='bbox 986 1624 1092 1680; x_wconf 89' lang='lat' dir='ltr'>marte</span> <span class='ocrx_word' id='word_1_106' title='bbox 1114 1616 1298 1696; x_wconf 86' lang='lat' dir='ltr'>confecisse,</span> <span class='ocrx_word' id='word_1_107' title='bbox 1320 1616 1369 1682; x_wconf 88' lang='lat' dir='ltr'>ita</span> 
     </span>
     <span class='ocr_line' id='line_1_15' title="bbox 135 1698 1368 1785; baseline 0.002 -19"><span class='ocrx_word' id='word_1_108' title='bbox 135 1707 172 1766; x_wconf 92' lang='lat' dir='ltr'>ut</span> <span class='ocrx_word' id='word_1_109' title='bbox 193 1698 435 1784; x_wconf 83' lang='lat' dir='ltr'>Stephanicum</span> <span class='ocrx_word' id='word_1_110' title='bbox 463 1707 593 1766; x_wconf 88' lang='lat' dir='ltr'>textum</span> <span class='ocrx_word' id='word_1_111' title='bbox 612 1701 825 1767; x_wconf 86' lang='lat' dir='ltr'>fundamento</span> <span class='ocrx_word' id='word_1_112' title='bbox 855 1708 1005 1785; x_wconf 87' lang='lat' dir='ltr'>poneret,</span> <span class='ocrx_word' id='word_1_113' title='bbox 1034 1701 1075 1767; x_wconf 90' lang='lat' dir='ltr'>ad</span> <span class='ocrx_word' id='word_1_114' title='bbox 1098 1700 1368 1784; x_wconf 84' lang='lat' dir='ltr'>Complutensem</span> 
     </span>
     <span class='ocr_line' id='line_1_16' title="bbox 135 1786 1366 1871; baseline 0.002 -19"><span class='ocrx_word' id='word_1_115' title='bbox 135 1787 297 1867; x_wconf 88' lang='lat' dir='ltr'>maxime,</span> <span class='ocrx_word' id='word_1_116' title='bbox 330 1787 424 1853; x_wconf 85' lang='lat' dir='ltr'>euius</span> <span class='ocrx_word' id='word_1_117' title='bbox 451 1808 598 1852; x_wconf 86' lang='lat' dir='ltr'>summae</span> <span class='ocrx_word' id='word_1_118' title='bbox 627 1786 742 1852; x_wconf 89' lang='lat' dir='ltr'>laudes</span> <span class='ocrx_word' id='word_1_119' title='bbox 771 1798 951 1866; x_wconf 89' lang='lat' dir='ltr'>canuntur,</span> <span class='ocrx_word' id='word_1_120' title='bbox 986 1788 1113 1871; x_wconf 87' lang='lat' dir='ltr'>saepius</span> <span class='ocrx_word' id='word_1_121' title='bbox 1147 1788 1366 1871; x_wconf 87' lang='lat' dir='ltr'>emendatum,</span> 
     </span>
     <span class='ocr_line' id='line_1_17' title="bbox 134 1872 1367 1958; baseline 0 -18"><span class='ocrx_word' id='word_1_122' title='bbox 134 1873 353 1940; x_wconf 88' lang='lat' dir='ltr'>recentiorum</span> <span class='ocrx_word' id='word_1_123' title='bbox 374 1872 505 1940; x_wconf 89' lang='lat' dir='ltr'>iudiciis</span> <span class='ocrx_word' id='word_1_124' title='bbox 527 1874 627 1940; x_wconf 89' lang='lat' dir='ltr'>variis</span> <span class='ocrx_word' id='word_1_125' title='bbox 649 1874 767 1958; x_wconf 82' lang='lat' dir='ltr'>signis,</span> <span class='ocrx_word' id='word_1_126' title='bbox 794 1876 888 1941; x_wconf 87' lang='lat' dir='ltr'>uncis</span> <span class='ocrx_word' id='word_1_127' title='bbox 910 1874 1074 1941; x_wconf 87' lang='lat' dir='ltr'>asteriscis</span> <span class='ocrx_word' id='word_1_128' title='bbox 1095 1875 1211 1954; x_wconf 90' lang='lat' dir='ltr'>obelis,</span> <span class='ocrx_word' id='word_1_129' title='bbox 1238 1876 1367 1958; x_wconf 88' lang='lat' dir='ltr'>inipso</span> 
     </span>
     <span class='ocr_line' id='line_1_18' title="bbox 134 1958 1367 2044; baseline 0.002 -19"><span class='ocrx_word' id='word_1_130' title='bbox 134 1967 293 2026; x_wconf 79' lang='lat' dir='ltr'>contextu</span> <span class='ocrx_word' id='word_1_131' title='bbox 314 1959 495 2025; x_wconf 86' lang='lat' dir='ltr'>declaratis.</span> <span class='ocrx_word' id='word_1_132' title='bbox 540 1958 634 2040; x_wconf 80' lang='lat' dir='ltr'>Quae</span> <span class='ocrx_word' id='word_1_133' title='bbox 662 1959 740 2044; x_wconf 93' lang='lat' dir='ltr'>quid</span> <span class='ocrx_word' id='word_1_134' title='bbox 767 1960 829 2027; x_wconf 91' lang='lat' dir='ltr'>sibi</span> <span class='ocrx_word' id='word_1_135' title='bbox 851 1961 959 2027; x_wconf 76' lang='lat' dir='ltr'>velint</span> <span class='ocrx_word' id='word_1_136' title='bbox 986 1981 1027 2025; x_wconf 83' lang='lat' dir='ltr'>ex</span> <span class='ocrx_word' id='word_1_137' title='bbox 1055 1959 1198 2027; x_wconf 88' lang='lat' dir='ltr'>secunda</span> <span class='ocrx_word' id='word_1_138' title='bbox 1225 1961 1367 2027; x_wconf 89' lang='lat' dir='ltr'>editione</span> 
     </span>
     <span class='ocr_line' id='line_1_19' title="bbox 133 2046 1366 2199; baseline 0 -88"><span class='ocrx_word' id='word_1_139' title='bbox 133 2046 239 2199; x_wconf 44' lang='lat' dir='ltr'>euge}</span> <span class='ocrx_word' id='word_1_140' title='bbox 247 2053 377 2112; x_wconf 85' lang='lat' dir='ltr'>textum</span> <span class='ocrx_word' id='word_1_141' title='bbox 399 2046 466 2111; x_wconf 86' lang='lat' dir='ltr'>fere</span> <span class='ocrx_word' id='word_1_142' title='bbox 487 2046 685 2112; x_wconf 87' lang='lat' dir='ltr'>invariatum</span> <span class='ocrx_word' id='word_1_143' title='bbox 709 2046 868 2113; x_wconf 89' lang='lat' dir='ltr'>mansisse</span> <span class='ocrx_word' id='word_1_144' title='bbox 890 2055 986 2113; x_wconf 87' lang='lat' dir='ltr'>autor</span> <span class='ocrx_word' id='word_1_145' title='bbox 1014 2046 1085 2130; x_wconf 90' lang='lat' dir='ltr'>ipse</span> <span class='ocrx_word' id='word_1_146' title='bbox 1113 2046 1258 2113; x_wconf 86' lang='lat' dir='ltr'>declarat</span> <span class='ocrx_word' id='word_1_147' title='bbox 1286 2068 1366 2113; x_wconf 89' lang='lat' dir='ltr'>mox</span> 
     </span>
     <span class='ocr_line' id='line_1_20' title="bbox 134 2153 269 2200; baseline -0.007 0"><span class='ocrx_word' id='word_1_148' title='bbox 134 2153 167 2200; x_wconf 83' lang='lat' dir='ltr'>v1</span> <span class='ocrx_word' id='word_1_149' title='bbox 189 2153 208 2200; x_wconf 89' lang='lat' dir='ltr'>e</span> <span class='ocrx_word' id='word_1_150' title='bbox 231 2154 269 2200; x_wconf 85' lang='lat' dir='ltr'>rs.</span> 
     </span>
    </p>
   </div>
   <div class='ocr_carea' id='block_1_5' title="bbox 166 2344 1336 2508">
    <p class='ocr_par' dir='ltr' id='par_1_5' title="bbox 166 2344 1336 2508">
     <span class='ocr_line' id='line_1_21' title="bbox 166 2344 1336 2420; baseline 0.001 -17"><span class='ocrx_word' id='word_1_151' title='bbox 166 2344 223 2405; x_wconf 46' lang='lat' dir='ltr'>6st</span> <span class='ocrx_word' id='word_1_152' title='bbox 267 2344 438 2415; x_wconf 79' lang='lat' dir='ltr'>LONDON,</span> <span class='ocrx_word' id='word_1_153' title='bbox 451 2348 568 2420; x_wconf 63' lang='lat' dir='ltr'>priam</span> <span class='ocrx_word' id='word_1_154' title='bbox 581 2347 630 2415; x_wconf 75' lang='lat' dir='ltr'>for</span> <span class='ocrx_word' id='word_1_155' title='bbox 647 2349 790 2419; x_wconf 74' lang='lat' dir='ltr'>Lonprnoa</span> <span class='ocrx_word' id='word_1_156' title='bbox 807 2349 879 2405; x_wconf 78' lang='lat' dir='ltr'>Reae</span> <span class='ocrx_word' id='word_1_157' title='bbox 898 2350 957 2404; x_wconf 75' lang='lat' dir='ltr'>ared</span> <span class='ocrx_word' id='word_1_158' title='bbox 976 2348 1021 2404; x_wconf 78' lang='lat' dir='ltr'>Co.</span> <span class='ocrx_word' id='word_1_159' title='bbox 1040 2355 1119 2404; x_wconf 63' lang='lat' dir='ltr'>eam.</span> <span class='ocrx_word' id='word_1_160' title='bbox 1137 2346 1260 2420; x_wconf 69' lang='lat' dir='ltr'>(Galhert</span> <span class='ocrx_word' id='word_1_161' title='bbox 1276 2351 1336 2404; x_wconf 80' lang='lat' dir='ltr'>aad</span> 
     </span>
     <span class='ocr_line' id='line_1_22' title="bbox 425 2434 1066 2508; baseline 0.008 -19"><span class='ocrx_word' id='word_1_162' title='bbox 425 2435 576 2505; x_wconf 79' lang='lat' dir='ltr'>Rioiaptoa</span> <span class='ocrx_word' id='word_1_163' title='bbox 588 2436 734 2508; x_wconf 57' lang='grc' dir='ltr'>μήκωνι)</span> <span class='ocrx_word' id='word_1_164' title='bbox 771 2434 860 2496; x_wconf 85' lang='grc'><strong>1836.</strong></span> <span class='ocrx_word' id='word_1_165' title='bbox 896 2434 1006 2491; x_wconf 71' lang='lat' dir='ltr'>atomi.</span> <span class='ocrx_word' id='word_1_166' title='bbox 1039 2435 1066 2495; x_wconf 85' lang='lat'>8.</span> 
     </span>
    </p>
   </div>
   <div class='ocr_carea' id='block_1_6' title="bbox 128 2565 1366 4725">
    <p class='ocr_par' dir='ltr' id='par_1_6' title="bbox 128 2565 1366 4277">
     <span class='ocr_line' id='line_1_23' title="bbox 216 2565 1366 2652; baseline 0.001 -19"><span class='ocrx_word' id='word_1_167' title='bbox 216 2567 269 2633; x_wconf 88' lang='lat' dir='ltr'>Re</span> <span class='ocrx_word' id='word_1_168' title='bbox 291 2568 477 2634; x_wconf 81' lang='lat' dir='ltr'>accuratius</span> <span class='ocrx_word' id='word_1_169' title='bbox 498 2569 646 2650; x_wconf 91' lang='lat' dir='ltr'>inspecta</span> <span class='ocrx_word' id='word_1_170' title='bbox 662 2567 747 2633; x_wconf 88' lang='lat' dir='ltr'>hano</span> <span class='ocrx_word' id='word_1_171' title='bbox 770 2565 831 2632; x_wconf 91' lang='lat' dir='ltr'>sibi</span> <span class='ocrx_word' id='word_1_172' title='bbox 849 2566 955 2652; x_wconf 84' lang='lat' dir='ltr'>legem</span> <span class='ocrx_word' id='word_1_173' title='bbox 974 2567 1142 2652; x_wconf 75' lang='lat' dir='ltr'>scripsisse</span> <span class='ocrx_word' id='word_1_174' title='bbox 1161 2566 1267 2634; x_wconf 89' lang='lat' dir='ltr'>editor</span> <span class='ocrx_word' id='word_1_175' title='bbox 1283 2568 1366 2634; x_wconf 91' lang='lat' dir='ltr'>mihi</span> 
     </span>
     <span class='ocr_line' id='line_1_24' title="bbox 133 2653 1366 2739; baseline 0.001 -18"><span class='ocrx_word' id='word_1_176' title='bbox 133 2653 272 2721; x_wconf 77' lang='lat' dir='ltr'>videtur.</span> <span class='ocrx_word' id='word_1_177' title='bbox 318 2655 457 2719; x_wconf 71' lang='lat' dir='ltr'>Textum</span> <span class='ocrx_word' id='word_1_178' title='bbox 482 2653 719 2737; x_wconf 84' lang='lat' dir='ltr'>Stephanicum</span> <span class='ocrx_word' id='word_1_179' title='bbox 743 2674 778 2718; x_wconf 93' lang='lat' dir='ltr'>re</span> <span class='ocrx_word' id='word_1_180' title='bbox 801 2675 879 2719; x_wconf 89' lang='lat' dir='ltr'>vera</span> <span class='ocrx_word' id='word_1_181' title='bbox 900 2670 959 2739; x_wconf 83' lang='lat' dir='ltr'>pro</span> <span class='ocrx_word' id='word_1_182' title='bbox 981 2656 1193 2722; x_wconf 87' lang='lat' dir='ltr'>fundamento</span> <span class='ocrx_word' id='word_1_183' title='bbox 1216 2656 1325 2737; x_wconf 92' lang='lat' dir='ltr'>posuit</span> <span class='ocrx_word' id='word_1_184' title='bbox 1346 2676 1366 2722; x_wconf 88' lang='lat' dir='ltr'>a</span> 
     </span>
     <span class='ocr_line' id='line_1_25' title="bbox 133 2739 1365 2827; baseline 0.002 -22"><span class='ocrx_word' id='word_1_185' title='bbox 133 2760 196 2822; x_wconf 90' lang='lat' dir='ltr'>quo</span> <span class='ocrx_word' id='word_1_186' title='bbox 218 2761 287 2805; x_wconf 94' lang='lat' dir='ltr'>non</span> <span class='ocrx_word' id='word_1_187' title='bbox 310 2739 372 2805; x_wconf 91' lang='lat' dir='ltr'>nisi</span> <span class='ocrx_word' id='word_1_188' title='bbox 404 2743 462 2803; x_wconf 75' lang='lat'>192</span> <span class='ocrx_word' id='word_1_189' title='bbox 492 2740 571 2806; x_wconf 91' lang='lat' dir='ltr'>locis</span> <span class='ocrx_word' id='word_1_190' title='bbox 599 2740 748 2805; x_wconf 88' lang='lat' dir='ltr'>discessit</span> <span class='ocrx_word' id='word_1_191' title='bbox 775 2741 961 2823; x_wconf 89' lang='lat' dir='ltr'>etquidem</span> <span class='ocrx_word' id='word_1_192' title='bbox 984 2741 1127 2827; x_wconf 78' lang='lat' dir='ltr'>octogies</span> <span class='ocrx_word' id='word_1_193' title='bbox 1153 2752 1188 2806; x_wconf 86' lang='lat' dir='ltr'>ct</span> <span class='ocrx_word' id='word_1_194' title='bbox 1214 2741 1265 2807; x_wconf 89' lang='lat' dir='ltr'>bis</span> <span class='ocrx_word' id='word_1_195' title='bbox 1292 2741 1365 2808; x_wconf 90' lang='lat' dir='ltr'>aliis</span> 
     </span>
     <span class='ocr_line' id='line_1_26' title="bbox 132 2824 1365 2911; baseline 0.003 -21"><span class='ocrx_word' id='word_1_196' title='bbox 132 2824 325 2893; x_wconf 78' lang='lat' dir='ltr'>lectionibus</span> <span class='ocrx_word' id='word_1_197' title='bbox 358 2827 561 2906; x_wconf 87' lang='lat' dir='ltr'>substitutis,</span> <span class='ocrx_word' id='word_1_198' title='bbox 596 2827 719 2892; x_wconf 90' lang='lat' dir='ltr'>centies</span> <span class='ocrx_word' id='word_1_199' title='bbox 746 2834 779 2890; x_wconf 90' lang='lat' dir='ltr'>et</span> <span class='ocrx_word' id='word_1_200' title='bbox 804 2826 910 2892; x_wconf 90' lang='lat' dir='ltr'>decies</span> <span class='ocrx_word' id='word_1_201' title='bbox 937 2830 1031 2894; x_wconf 89' lang='lat' dir='ltr'>uncis</span> <span class='ocrx_word' id='word_1_202' title='bbox 1058 2849 1147 2894; x_wconf 87' lang='lat' dir='ltr'>usus.</span> <span class='ocrx_word' id='word_1_203' title='bbox 1191 2829 1302 2911; x_wconf 89' lang='lat' dir='ltr'>Atque</span> <span class='ocrx_word' id='word_1_204' title='bbox 1329 2830 1365 2894; x_wconf 89' lang='lat' dir='ltr'>in</span> 
     </span>
     <span class='ocr_line' id='line_1_27' title="bbox 131 2912 1364 2997; baseline 0 -19"><span class='ocrx_word' id='word_1_205' title='bbox 131 2913 239 2996; x_wconf 91' lang='lat' dir='ltr'>priore</span> <span class='ocrx_word' id='word_1_206' title='bbox 262 2912 407 2979; x_wconf 90' lang='lat' dir='ltr'>locorum</span> <span class='ocrx_word' id='word_1_207' title='bbox 429 2912 533 2980; x_wconf 90' lang='lat' dir='ltr'>classe</span> <span class='ocrx_word' id='word_1_208' title='bbox 555 2933 634 2978; x_wconf 88' lang='lat' dir='ltr'>sane</span> <span class='ocrx_word' id='word_1_209' title='bbox 655 2921 832 2978; x_wconf 81' lang='lat' dir='ltr'>occurrunt</span> <span class='ocrx_word' id='word_1_210' title='bbox 854 2913 1015 2997; x_wconf 88' lang='lat' dir='ltr'>plurimae</span> <span class='ocrx_word' id='word_1_211' title='bbox 1036 2914 1189 2979; x_wconf 90' lang='lat' dir='ltr'>lectiones</span> <span class='ocrx_word' id='word_1_212' title='bbox 1207 2913 1364 2997; x_wconf 84' lang='lat' dir='ltr'>Oomplu-</span> 
     </span>
     <span class='ocr_line' id='line_1_28' title="bbox 132 2997 1364 3084; baseline 0 -18"><span class='ocrx_word' id='word_1_213' title='bbox 132 3005 249 3081; x_wconf 86' lang='lat' dir='ltr'>tenses,</span> <span class='ocrx_word' id='word_1_214' title='bbox 278 3005 349 3064; x_wconf 92' lang='lat' dir='ltr'>tum</span> <span class='ocrx_word' id='word_1_215' title='bbox 372 2999 473 3064; x_wconf 86' lang='lat' dir='ltr'>etiam</span> <span class='ocrx_word' id='word_1_216' title='bbox 495 2997 785 3077; x_wconf 81' lang='lat' dir='ltr'>Griesbaohianae,</span> <span class='ocrx_word' id='word_1_217' title='bbox 813 2999 871 3064; x_wconf 93' lang='lat' dir='ltr'>sed</span> <span class='ocrx_word' id='word_1_218' title='bbox 899 3000 1103 3084; x_wconf 91' lang='lat' dir='ltr'>paucissimis</span> <span class='ocrx_word' id='word_1_219' title='bbox 1129 3000 1274 3082; x_wconf 88' lang='lat' dir='ltr'>exeeptis</span> <span class='ocrx_word' id='word_1_220' title='bbox 1302 2999 1364 3066; x_wconf 89' lang='lat' dir='ltr'>hae</span> 
     </span>
     <span class='ocr_line' id='line_1_29' title="bbox 131 3083 1363 3170; baseline 0 -20"><span class='ocrx_word' id='word_1_221' title='bbox 131 3104 245 3153; x_wconf 89' lang='lat' dir='ltr'>omnes</span> <span class='ocrx_word' id='word_1_222' title='bbox 273 3084 362 3169; x_wconf 90' lang='lat' dir='ltr'>apud</span> <span class='ocrx_word' id='word_1_223' title='bbox 385 3083 574 3151; x_wconf 86' lang='lat' dir='ltr'>Scholzium</span> <span class='ocrx_word' id='word_1_224' title='bbox 604 3086 822 3168; x_wconf 86' lang='lat' dir='ltr'>reperiuntur.</span> <span class='ocrx_word' id='word_1_225' title='bbox 867 3086 940 3151; x_wconf 92' lang='lat' dir='ltr'>Iam</span> <span class='ocrx_word' id='word_1_226' title='bbox 969 3108 1070 3170; x_wconf 92' lang='lat' dir='ltr'>quum</span> <span class='ocrx_word' id='word_1_227' title='bbox 1093 3083 1236 3151; x_wconf 78' lang='lat' dir='ltr'>Scholzii</span> <span class='ocrx_word' id='word_1_228' title='bbox 1263 3085 1363 3150; x_wconf 88' lang='lat' dir='ltr'>editio</span> 
     </span>
     <span class='ocr_line' id='line_1_30' title="bbox 131 3170 1366 3257; baseline 0 -19"><span class='ocrx_word' id='word_1_229' title='bbox 131 3191 217 3238; x_wconf 83' lang='lat' dir='ltr'>anno</span> <span class='ocrx_word' id='word_1_230' title='bbox 242 3175 322 3235; x_wconf 73' lang='lat'>1832</span> <span class='ocrx_word' id='word_1_231' title='bbox 346 3170 491 3236; x_wconf 91' lang='lat' dir='ltr'>nondum</span> <span class='ocrx_word' id='word_1_232' title='bbox 513 3171 662 3237; x_wconf 86' lang='lat' dir='ltr'>absoluta</span> <span class='ocrx_word' id='word_1_233' title='bbox 682 3172 790 3250; x_wconf 84' lang='lat' dir='ltr'>fuerit,</span> <span class='ocrx_word' id='word_1_234' title='bbox 813 3193 854 3236; x_wconf 86' lang='lat' dir='ltr'>ex</span> <span class='ocrx_word' id='word_1_235' title='bbox 876 3173 937 3240; x_wconf 89' lang='lat' dir='ltr'>hae</span> <span class='ocrx_word' id='word_1_236' title='bbox 960 3174 1032 3257; x_wconf 90' lang='lat' dir='ltr'>ipsa</span> <span class='ocrx_word' id='word_1_237' title='bbox 1054 3179 1175 3251; x_wconf 91' lang='lat' dir='ltr'>noster,</span> <span class='ocrx_word' id='word_1_238' title='bbox 1197 3172 1227 3236; x_wconf 91' lang='lat' dir='ltr'>si</span> <span class='ocrx_word' id='word_1_239' title='bbox 1248 3193 1366 3238; x_wconf 88' lang='lat' dir='ltr'>revera</span> 
     </span>
     <span class='ocr_line' id='line_1_31' title="bbox 130 3256 1363 3341; baseline 0.001 -17"><span class='ocrx_word' id='word_1_240' title='bbox 130 3264 242 3324; x_wconf 84' lang='lat' dir='ltr'>textus</span> <span class='ocrx_word' id='word_1_241' title='bbox 264 3256 382 3341; x_wconf 90' lang='lat' dir='ltr'>prioris</span> <span class='ocrx_word' id='word_1_242' title='bbox 404 3256 556 3324; x_wconf 91' lang='lat' dir='ltr'>editionis</span> <span class='ocrx_word' id='word_1_243' title='bbox 576 3257 665 3322; x_wconf 90' lang='lat' dir='ltr'>idem</span> <span class='ocrx_word' id='word_1_244' title='bbox 688 3265 738 3322; x_wconf 87' lang='lat' dir='ltr'>est</span> <span class='ocrx_word' id='word_1_245' title='bbox 760 3267 857 3341; x_wconf 90' lang='lat' dir='ltr'>atque</span> <span class='ocrx_word' id='word_1_246' title='bbox 881 3260 977 3324; x_wconf 88' lang='lat' dir='ltr'>huius</span> <span class='ocrx_word' id='word_1_247' title='bbox 999 3256 1172 3336; x_wconf 88' lang='lat' dir='ltr'>secundae,</span> <span class='ocrx_word' id='word_1_248' title='bbox 1195 3279 1290 3323; x_wconf 86' lang='lat' dir='ltr'>suum</span> <span class='ocrx_word' id='word_1_249' title='bbox 1311 3279 1363 3325; x_wconf 92' lang='lat' dir='ltr'>re·</span> 
     </span>
     <span class='ocr_line' id='line_1_32' title="bbox 130 3344 1363 3430; baseline 0 -18"><span class='ocrx_word' id='word_1_250' title='bbox 130 3352 242 3430; x_wconf 88' lang='lat' dir='ltr'>petere</span> <span class='ocrx_word' id='word_1_251' title='bbox 274 3365 342 3409; x_wconf 91' lang='lat' dir='ltr'>non</span> <span class='ocrx_word' id='word_1_252' title='bbox 371 3346 487 3428; x_wconf 88' lang='lat' dir='ltr'>potuit.</span> <span class='ocrx_word' id='word_1_253' title='bbox 539 3344 666 3410; x_wconf 88' lang='lat' dir='ltr'>Verum</span> <span class='ocrx_word' id='word_1_254' title='bbox 695 3365 775 3427; x_wconf 88' lang='lat' dir='ltr'>quas</span> <span class='ocrx_word' id='word_1_255' title='bbox 804 3347 976 3428; x_wconf 90' lang='lat' dir='ltr'>profitetur</span> <span class='ocrx_word' id='word_1_256' title='bbox 1004 3345 1084 3411; x_wconf 90' lang='lat' dir='ltr'>artis</span> <span class='ocrx_word' id='word_1_257' title='bbox 1111 3345 1241 3411; x_wconf 89' lang='lat' dir='ltr'>erit-icae</span> <span class='ocrx_word' id='word_1_258' title='bbox 1273 3344 1363 3429; x_wconf 79' lang='lat' dir='ltr'>leges</span> 
     </span>
     <span class='ocr_line' id='line_1_33' title="bbox 130 3429 1364 3515; baseline -0.001 -17"><span class='ocrx_word' id='word_1_259' title='bbox 130 3452 203 3498; x_wconf 90' lang='lat' dir='ltr'>eum</span> <span class='ocrx_word' id='word_1_260' title='bbox 217 3429 423 3497; x_wconf 80' lang='lat' dir='ltr'>Scholrianis</span> <span class='ocrx_word' id='word_1_261' title='bbox 442 3432 563 3496; x_wconf 91' lang='lat' dir='ltr'>mirum</span> <span class='ocrx_word' id='word_1_262' title='bbox 582 3436 740 3515; x_wconf 90' lang='lat' dir='ltr'>quantum</span> <span class='ocrx_word' id='word_1_263' title='bbox 760 3434 937 3498; x_wconf 85' lang='lat' dir='ltr'>concinunt</span> <span class='ocrx_word' id='word_1_264' title='bbox 943 3456 953 3513; x_wconf 92' lang='lat'>;</span> <span class='ocrx_word' id='word_1_265' title='bbox 973 3432 1050 3498; x_wconf 87' lang='lat' dir='ltr'>talis</span> <span class='ocrx_word' id='word_1_266' title='bbox 1068 3431 1197 3514; x_wconf 88' lang='lat' dir='ltr'>utrique</span> <span class='ocrx_word' id='word_1_267' title='bbox 1214 3429 1364 3498; x_wconf 86' lang='lat' dir='ltr'>codicum</span> 
     </span>
     <span class='ocr_line' id='line_1_34' title="bbox 129 3516 1364 3604; baseline -0.002 -19"><span class='ocrx_word' id='word_1_268' title='bbox 129 3516 377 3585; x_wconf 82' lang='lat' dir='ltr'>occidentalium</span> <span class='ocrx_word' id='word_1_269' title='bbox 400 3529 550 3600; x_wconf 86' lang='lat' dir='ltr'>suspecta</span> <span class='ocrx_word' id='word_1_270' title='bbox 573 3516 664 3597; x_wconf 89' lang='lat' dir='ltr'>fides,</span> <span class='ocrx_word' id='word_1_271' title='bbox 687 3517 763 3582; x_wconf 89' lang='lat' dir='ltr'>talis</span> <span class='ocrx_word' id='word_1_272' title='bbox 780 3519 983 3604; x_wconf 79' lang='lat' dir='ltr'>Byzantinus</span> <span class='ocrx_word' id='word_1_273' title='bbox 1005 3519 1153 3584; x_wconf 91' lang='lat' dir='ltr'>lectionis</span> <span class='ocrx_word' id='word_1_274' title='bbox 1171 3524 1282 3601; x_wconf 89' lang='lat' dir='ltr'>utpote</span> <span class='ocrx_word' id='word_1_275' title='bbox 1300 3517 1364 3585; x_wconf 88' lang='lat' dir='ltr'>sibi</span> 
     </span>
     <span class='ocr_line' id='line_1_35' title="bbox 130 3601 1363 3687; baseline 0 -17"><span class='ocrx_word' id='word_1_276' title='bbox 130 3603 359 3670; x_wconf 87' lang='lat' dir='ltr'>constantioris</span> <span class='ocrx_word' id='word_1_277' title='bbox 387 3604 556 3670; x_wconf 84' lang='lat' dir='ltr'>autoritas.</span> <span class='ocrx_word' id='word_1_278' title='bbox 609 3602 706 3683; x_wconf 77' lang='lat' dir='ltr'>Quod</span> <span class='ocrx_word' id='word_1_279' title='bbox 735 3601 778 3668; x_wconf 90' lang='lat' dir='ltr'>ad</span> <span class='ocrx_word' id='word_1_280' title='bbox 805 3626 908 3671; x_wconf 85' lang='lat' dir='ltr'>uncos</span> <span class='ocrx_word' id='word_1_281' title='bbox 936 3607 1066 3684; x_wconf 88' lang='lat' dir='ltr'>attinet,</span> <span class='ocrx_word' id='word_1_282' title='bbox 1097 3625 1212 3670; x_wconf 92' lang='lat' dir='ltr'>eorum</span> <span class='ocrx_word' id='word_1_283' title='bbox 1240 3603 1363 3687; x_wconf 83' lang='lat' dir='ltr'>duplex</span> 
     </span>
     <span class='ocr_line' id='line_1_36' title="bbox 130 3689 1363 3776; baseline 0 -19"><span class='ocrx_word' id='word_1_284' title='bbox 130 3712 237 3776; x_wconf 82' lang='lat' dir='ltr'>genus</span> <span class='ocrx_word' id='word_1_285' title='bbox 266 3697 330 3770; x_wconf 89' lang='lat' dir='ltr'>est,</span> <span class='ocrx_word' id='word_1_286' title='bbox 364 3689 505 3756; x_wconf 90' lang='lat' dir='ltr'>alterum</span> <span class='ocrx_word' id='word_1_287' title='bbox 533 3690 688 3772; x_wconf 81' lang='lat' dir='ltr'>simplex,</span> <span class='ocrx_word' id='word_1_288' title='bbox 723 3690 863 3755; x_wconf 86' lang='lat' dir='ltr'>alterum</span> <span class='ocrx_word' id='word_1_289' title='bbox 895 3692 942 3756; x_wconf 86' lang='lat' dir='ltr'>ita</span> <span class='ocrx_word' id='word_1_290' title='bbox 975 3691 1170 3775; x_wconf 90' lang='lat' dir='ltr'>dispositum</span> <span class='ocrx_word' id='word_1_291' title='bbox 1197 3697 1235 3756; x_wconf 92' lang='lat' dir='ltr'>ut</span> <span class='ocrx_word' id='word_1_292' title='bbox 1263 3692 1363 3757; x_wconf 89' lang='lat' dir='ltr'>etiam</span> 
     </span>
     <span class='ocr_line' id='line_1_37' title="bbox 129 3776 1362 3861; baseline -0.001 -18"><span class='ocrx_word' id='word_1_293' title='bbox 129 3797 270 3861; x_wconf 90' lang='lat' dir='ltr'>superne</span> <span class='ocrx_word' id='word_1_294' title='bbox 291 3797 388 3843; x_wconf 87' lang='lat' dir='ltr'>voees</span> <span class='ocrx_word' id='word_1_295' title='bbox 410 3785 577 3861; x_wconf 85' lang='lat' dir='ltr'>suspectae</span> <span class='ocrx_word' id='word_1_296' title='bbox 599 3776 831 3855; x_wconf 86' lang='lat' dir='ltr'>eaneellentur,</span> <span class='ocrx_word' id='word_1_297' title='bbox 857 3778 1030 3860; x_wconf 88' lang='lat' dir='ltr'>quodiam</span> <span class='ocrx_word' id='word_1_298' title='bbox 1051 3777 1215 3843; x_wconf 89' lang='lat' dir='ltr'>aVatero</span> <span class='ocrx_word' id='word_1_299' title='bbox 1237 3777 1362 3843; x_wconf 87' lang='lat' dir='ltr'>factum</span> 
     </span>
     <span class='ocr_line' id='line_1_38' title="bbox 129 3862 1361 3946; baseline -0.002 -14"><span class='ocrx_word' id='word_1_300' title='bbox 129 3863 283 3932; x_wconf 78' lang='lat' dir='ltr'>vidimus.</span> <span class='ocrx_word' id='word_1_301' title='bbox 326 3864 373 3929; x_wconf 87' lang='lat' dir='ltr'>Et</span> <span class='ocrx_word' id='word_1_302' title='bbox 393 3884 471 3928; x_wconf 91' lang='lat' dir='ltr'>sane</span> <span class='ocrx_word' id='word_1_303' title='bbox 492 3885 568 3929; x_wconf 91' lang='lat' dir='ltr'>oum</span> <span class='ocrx_word' id='word_1_304' title='bbox 595 3863 658 3929; x_wconf 89' lang='lat' dir='ltr'>hoe</span> <span class='ocrx_word' id='word_1_305' title='bbox 683 3863 751 3928; x_wconf 85' lang='lat' dir='ltr'>fere</span> <span class='ocrx_word' id='word_1_306' title='bbox 775 3863 892 3946; x_wconf 92' lang='lat' dir='ltr'>ubique</span> <span class='ocrx_word' id='word_1_307' title='bbox 920 3864 955 3929; x_wconf 91' lang='lat' dir='ltr'>in</span> <span class='ocrx_word' id='word_1_308' title='bbox 983 3865 1052 3930; x_wconf 88' lang='lat' dir='ltr'>suis</span> <span class='ocrx_word' id='word_1_309' title='bbox 1079 3864 1173 3930; x_wconf 90' lang='lat' dir='ltr'>uueis</span> <span class='ocrx_word' id='word_1_310' title='bbox 1199 3862 1361 3946; x_wconf 91' lang='lat' dir='ltr'>ponendis</span> 
     </span>
     <span class='ocr_line' id='line_1_39' title="bbox 128 3948 1361 4034; baseline -0.003 -16"><span class='ocrx_word' id='word_1_311' title='bbox 128 3951 293 4018; x_wconf 79' lang='lat' dir='ltr'>consentit</span> <span class='ocrx_word' id='word_1_312' title='bbox 312 3948 560 4017; x_wconf 90' lang='lat' dir='ltr'>Bloomfieldius</span> <span class='ocrx_word' id='word_1_313' title='bbox 581 3949 628 4013; x_wconf 83' lang='lat' dir='ltr'>ita</span> <span class='ocrx_word' id='word_1_314' title='bbox 649 3956 688 4015; x_wconf 92' lang='lat' dir='ltr'>ut</span> <span class='ocrx_word' id='word_1_315' title='bbox 709 3955 837 4014; x_wconf 90' lang='lat' dir='ltr'>textum</span> <span class='ocrx_word' id='word_1_316' title='bbox 859 3951 929 4017; x_wconf 89' lang='lat' dir='ltr'>cius</span> <span class='ocrx_word' id='word_1_317' title='bbox 952 3949 1361 4034; x_wconf 82' lang='lat' dir='ltr'>Stephano-Vaterianum</span> 
     </span>
     <span class='ocr_line' id='line_1_40' title="bbox 129 4034 1360 4122; baseline -0.003 -19"><span class='ocrx_word' id='word_1_318' title='bbox 129 4036 238 4105; x_wconf 85' lang='lat' dir='ltr'>dicere</span> <span class='ocrx_word' id='word_1_319' title='bbox 259 4036 373 4102; x_wconf 92' lang='lat' dir='ltr'>nullus</span> <span class='ocrx_word' id='word_1_320' title='bbox 395 4034 541 4101; x_wconf 89' lang='lat' dir='ltr'>dubitem</span> <span class='ocrx_word' id='word_1_321' title='bbox 563 4043 596 4100; x_wconf 89' lang='lat' dir='ltr'>et</span> <span class='ocrx_word' id='word_1_322' title='bbox 617 4036 754 4102; x_wconf 87' lang='lat' dir='ltr'>fortasse</span> <span class='ocrx_word' id='word_1_323' title='bbox 777 4035 818 4101; x_wconf 89' lang='lat' dir='ltr'>ad</span> <span class='ocrx_word' id='word_1_324' title='bbox 839 4036 1056 4122; x_wconf 86' lang='lat' dir='ltr'>Knappianos</span> <span class='ocrx_word' id='word_1_325' title='bbox 1077 4036 1273 4116; x_wconf 89' lang='lat' dir='ltr'>retulissem,</span> <span class='ocrx_word' id='word_1_326' title='bbox 1294 4034 1360 4101; x_wconf 90' lang='lat' dir='ltr'>uisi</span> 
     </span>
     <span class='ocr_line' id='line_1_41' title="bbox 128 4121 1360 4209; baseline -0.002 -20"><span class='ocrx_word' id='word_1_327' title='bbox 128 4144 181 4190; x_wconf 90' lang='lat' dir='ltr'>me</span> <span class='ocrx_word' id='word_1_328' title='bbox 211 4123 368 4191; x_wconf 89' lang='lat' dir='ltr'>movisset</span> <span class='ocrx_word' id='word_1_329' title='bbox 396 4122 668 4190; x_wconf 84' lang='lat' dir='ltr'>Bloomfieldiena</span> <span class='ocrx_word' id='word_1_330' title='bbox 696 4123 796 4188; x_wconf 90' lang='lat' dir='ltr'>editio</span> <span class='ocrx_word' id='word_1_331' title='bbox 826 4125 1072 4209; x_wconf 86' lang='lat' dir='ltr'>minoraque</span> <span class='ocrx_word' id='word_1_332' title='bbox 1100 4130 1247 4189; x_wconf 87' lang='lat' dir='ltr'>nostram</span> <span class='ocrx_word' id='word_1_333' title='bbox 1274 4121 1360 4187; x_wconf 87' lang='lat' dir='ltr'>hane</span> 
     </span>
     <span class='ocr_line' id='line_1_42' title="bbox 128 4208 421 4277; baseline -0.014 0"><span class='ocrx_word' id='word_1_334' title='bbox 128 4211 222 4277; x_wconf 89' lang='lat' dir='ltr'>seiun</span> <span class='ocrx_word' id='word_1_335' title='bbox 246 4231 301 4276; x_wconf 90' lang='lat' dir='ltr'>ere</span> <span class='ocrx_word' id='word_1_336' title='bbox 321 4208 421 4275; x_wconf 90' lang='lat' dir='ltr'>nolui.</span> 
     </span>
    </p>

    <p class='ocr_par' dir='ltr' id='par_1_7' title="bbox 128 4231 1358 4465">
     <span class='ocr_line' id='line_1_43' title="bbox 215 4231 1358 4378; baseline -0.003 -15"><span class='ocrx_word' id='word_1_337' title='bbox 215 4231 333 4378; x_wconf 49' lang='lat' dir='ltr'>dualis</span> <span class='ocrx_word' id='word_1_338' title='bbox 355 4301 465 4362; x_wconf 90' lang='lat' dir='ltr'>autem</span> <span class='ocrx_word' id='word_1_339' title='bbox 487 4293 591 4377; x_wconf 90' lang='lat' dir='ltr'>ipsius</span> <span class='ocrx_word' id='word_1_340' title='bbox 613 4293 747 4360; x_wconf 85' lang='lat' dir='ltr'>editoris</span> <span class='ocrx_word' id='word_1_341' title='bbox 768 4294 921 4362; x_wconf 87' lang='lat' dir='ltr'>criticum</span> <span class='ocrx_word' id='word_1_342' title='bbox 942 4316 1079 4362; x_wconf 88' lang='lat' dir='ltr'>acumen</span> <span class='ocrx_word' id='word_1_343' title='bbox 1100 4295 1200 4361; x_wconf 89' lang='lat' dir='ltr'>fuerit</span> <span class='ocrx_word' id='word_1_344' title='bbox 1216 4316 1259 4360; x_wconf 88' lang='lat' dir='ltr'>ex</span> <span class='ocrx_word' id='word_1_345' title='bbox 1276 4314 1358 4361; x_wconf 92' lang='lat' dir='ltr'>non·</span> 
     </span>
     <span class='ocr_line' id='line_1_44' title="bbox 128 4380 1229 4465; baseline 0 -18"><span class='ocrx_word' id='word_1_346' title='bbox 128 4380 228 4449; x_wconf 88' lang='lat' dir='ltr'>nullis</span> <span class='ocrx_word' id='word_1_347' title='bbox 251 4385 292 4450; x_wconf 84' lang='lat' dir='ltr'>ab</span> <span class='ocrx_word' id='word_1_348' title='bbox 314 4403 352 4448; x_wconf 93' lang='lat' dir='ltr'>eo</span> <span class='ocrx_word' id='word_1_349' title='bbox 374 4382 514 4465; x_wconf 89' lang='lat' dir='ltr'>receptis</span> <span class='ocrx_word' id='word_1_350' title='bbox 536 4380 727 4448; x_wconf 88' lang='lat' dir='ltr'>lectionibus</span> <span class='ocrx_word' id='word_1_351' title='bbox 750 4381 846 4465; x_wconf 91' lang='lat' dir='ltr'>plane</span> <span class='ocrx_word' id='word_1_352' title='bbox 868 4381 1087 4465; x_wconf 84' lang='lat' dir='ltr'>singularibus</span> <span class='ocrx_word' id='word_1_353' title='bbox 1109 4381 1229 4449; x_wconf 89' lang='lat' dir='ltr'>diseas:</span> 
     </span>
    </p>

    <p class='ocr_par' dir='ltr' id='par_1_8' title="bbox 219 4463 1160 4554">
     <span class='ocr_line' id='line_1_45' title="bbox 219 4463 1160 4554; baseline -0.005 -21"><span class='ocrx_word' id='word_1_354' title='bbox 219 4479 244 4534; x_wconf 90' lang='lat' dir='ltr'>l.</span> <span class='ocrx_word' id='word_1_355' title='bbox 267 4468 386 4537; x_wconf 78' lang='lat' dir='ltr'>Matbh.</span> <span class='ocrx_word' id='word_1_356' title='bbox 413 4470 462 4549; x_wconf 74' lang='lat'>27,</span> <span class='ocrx_word' id='word_1_357' title='bbox 488 4472 536 4531; x_wconf 86' lang='lat'>33.</span> <span class='ocrx_word' id='word_1_358' title='bbox 561 4463 660 4530; x_wconf 67' lang='lat' dir='ltr'>dion</span> <span class='ocrx_word' id='word_1_359' title='bbox 682 4464 865 4554; x_wconf 73' lang='grc' dir='ltr'>[λεγόμενον]</span> <span class='ocrx_word' id='word_1_360' title='bbox 888 4492 933 4552; x_wconf 72' lang='lat' dir='ltr'>rep.</span> <span class='ocrx_word' id='word_1_361' title='bbox 952 4493 977 4533; x_wconf 82' lang='lat' dir='ltr'>z.</span> <span class='ocrx_word' id='word_1_362' title='bbox 1002 4470 1058 4545; x_wconf 85' lang='grc' dir='ltr'>(Θ.</span> <span class='ocrx_word' id='word_1_363' title='bbox 1086 4473 1160 4544; x_wconf 87' lang='grc'>187)</span> 
     </span>
    </p>

    <p class='ocr_par' dir='ltr' id='par_1_9' title="bbox 216 4549 1118 4658">
     <span class='ocr_line' id='line_1_46' title="bbox 216 4549 1118 4658; baseline -0.001 -41"><span class='ocrx_word' id='word_1_364' title='bbox 216 4558 244 4618; x_wconf 73' lang='lat' dir='ltr'>i.</span> <span class='ocrx_word' id='word_1_365' title='bbox 267 4557 370 4623; x_wconf 87' lang='lat' dir='ltr'>Marc.</span> <span class='ocrx_word' id='word_1_366' title='bbox 400 4560 424 4633; x_wconf 89' lang='lat' dir='ltr'>l,</span> <span class='ocrx_word' id='word_1_367' title='bbox 449 4555 476 4618; x_wconf 76' lang='lat'>2.</span> <span class='ocrx_word' id='word_1_368' title='bbox 498 4555 528 4618; x_wconf 75' lang='grc' dir='ltr'>ἐν</span> <span class='ocrx_word' id='word_1_369' title='bbox 543 4549 673 4658; x_wconf 53' lang='grc' dir='ltr'>1[ἡσαῑᾎι]</span> <span class='ocrx_word' id='word_1_370' title='bbox 697 4555 739 4640; x_wconf 70' lang='grc' dir='ltr'>τῷ</span> <span class='ocrx_word' id='word_1_371' title='bbox 755 4574 848 4639; x_wconf 84' lang='grc' dir='ltr'><em>προφ.</em></span> <span class='ocrx_word' id='word_1_372' title='bbox 873 4554 922 4632; x_wconf 84' lang='grc' dir='ltr'>(Ζ.</span> <span class='ocrx_word' id='word_1_373' title='bbox 948 4556 995 4618; x_wconf 65' lang='lat'>6⁸2.</span> <span class='ocrx_word' id='word_1_374' title='bbox 1019 4560 1059 4619; x_wconf 84' lang='lat' dir='ltr'>A.</span> <span class='ocrx_word' id='word_1_375' title='bbox 1085 4559 1118 4630; x_wconf 86' lang='lat'>5)</span> 
     </span>
    </p>

    <p class='ocr_par' dir='ltr' id='par_1_10' title="bbox 217 4639 1104 4725">
     <span class='ocr_line' id='line_1_47' title="bbox 217 4639 1104 4725; baseline -0.003 -22"><span class='ocrx_word' id='word_1_376' title='bbox 217 4645 243 4706; x_wconf 82' lang='lat'>3.</span> <span class='ocrx_word' id='word_1_377' title='bbox 267 4642 369 4708; x_wconf 83' lang='lat' dir='ltr'>Mure.</span> <span class='ocrx_word' id='word_1_378' title='bbox 399 4643 444 4720; x_wconf 76' lang='lat'>12,</span> <span class='ocrx_word' id='word_1_379' title='bbox 470 4643 518 4704; x_wconf 81' lang='lat'>29.</span> <span class='ocrx_word' id='word_1_380' title='bbox 541 4663 589 4701; x_wconf 78' lang='lat' dir='ltr'>eu</span> <span class='ocrx_word' id='word_1_381' title='bbox 605 4640 708 4725; x_wconf 76' lang='grc' dir='ltr'><strong><em>πρώτη</em></strong></span> <span class='ocrx_word' id='word_1_382' title='bbox 729 4645 834 4704; x_wconf 79' lang='grc' dir='ltr'><strong><em>πασῶν</em></strong></span> <span class='ocrx_word' id='word_1_383' title='bbox 855 4640 953 4722; x_wconf 75' lang='grc' dir='ltr'><strong><em>ἐντολή</em></strong></span> <span class='ocrx_word' id='word_1_384' title='bbox 976 4639 1025 4717; x_wconf 74' lang='grc' dir='ltr'>(Ζ.</span> <span class='ocrx_word' id='word_1_385' title='bbox 1049 4644 1104 4718; x_wconf 70' lang='lat'>29)</span> 
     </span>
    </p>
   </div>
   <div class='ocr_carea' id='block_1_7' title="bbox 0 0 1504 5024">
    <p class='ocr_par' dir='ltr' id='par_1_11' title="bbox 0 0 1504 5024">
     <span class='ocr_line' id='line_1_48' title="bbox 0 0 1504 5024; baseline 0 3"><span class='ocrx_word' id='word_1_386' title='bbox 0 0 1504 5024; x_wconf 95' lang='lat' dir='ltr'> </span> 
     </span>
    </p>
   </div>
  </div>
 </body>
</html>
