3000 5024
80 224 107 281 X
505 218 699 277 natatorius
716 219 895 276 ΒΕΖΑΝΔΕ.
1277 222 1317 285 89

168 396 211 463 ln
236 393 326 463 notis
354 393 563 463 commendat
590 394 671 461 Luc.
701 399 741 473 1,
772 397 823 458 31.
853 413 915 458 orn.
947 387 1322 481 ε1π161606ρ1ος”01

85 490 111 550 1.
136 483 212 551 001.
239 487 288 562 15,
311 485 340 547 5.
362 483 497 548 inanem
519 480 741 548 coniecturam
762 486 822 554 τοῖς
844 477 929 543 δέκα.

172 569 221 638 Oi
255 568 296 636 de
326 568 390 635 hac
418 567 560 634 editione
592 573 723 651 praeter
755 565 851 632 modo
884 565 1035 636 laudatos
1067 565 1321 652 Baumgartenii

81 657 175 725 Hall.
196 656 283 723 Bibl.
305 654 367 721 IV.
394 656 464 735 196,
485 653 678 720 Knochium
699 675 730 737 p.
755 657 827 718 407.

190 885 243 951 b*
287 892 364 969 [19100
380 891 447 968 leco]
466 893 617 966 napata
633 893 782 949 1001011011
801 893 882 947 Euat.
907 893 1019 964 Vipasca.
1051 889 1141 952 1598.
1165 890 1217 956 fol.

225 971 242 1005 *
287 977 364 1055 [sim
379 980 438 1036 toro
454 989 480 1036 ot
496 977 681 1053 typographo]
714 976 804 1036 1598.
829 980 881 1047 fot.

172 1113 302 1180 Ultima
333 1111 414 1179 haec
446 1112 555 1178 Benae
587 1113 655 1178 iam
687 1111 890 1195 octogenarii
924 1109 1022 1176 editio
1055 1132 1075 1176 a
1107 1107 1322 1194 praecedente

83 1197 214 1266 duobus
235 1205 366 1264 tantum
387 1197 466 1264 locis
487 1196 626 1265 discedit
647 1199 741 1263 novis
763 1196 959 1263 lectionibus
981 1196 1194 1263 introductis:

128 1284 176 1355 X.
198 1307 224 1351 r.
248 1288 299 1351 47.
321 1287 413 1362 (432)
435 1283 555 1349 Matth.
579 1288 607 1361 6,
634 1290 659 1348 1.
685 1282 873 1363 δικαιοσύνην
896 1284 1026 1349 GKL'P
1049 1286 1258 1365 (111οέ101111.)

250 1373 300 1435 48.
323 1375 416 1451 (433)
437 1370 539 1435 Hebr.
566 1373 614 1450 10,
642 1374 688 1434 17.
713 1367 785 1435 add.
807 1370 871 1432 τότε
893 1371 1003 1455 εἴρηκε,

84 1457 176 1540 quod
197 1465 248 1523 est
269 1457 432 1541 glossema
453 1464 567 1539 postea
588 1477 608 1521 a
629 1455 762 1521 nemine
784 1464 960 1539 receptum.
995 1456 1037 1520 In
1054 1455 1206 1521 versione
1217 1454 1320 1520 Marc.

87 1548 117 1623 6,
142 1546 194 1608 54.
218 1542 375 1627 exprimit
396 1540 486 1606 aliud
507 1542 670 1625 quoddam
692 1541 838 1608 codicum
861 1540 1138 1608 additamentum:
1167 1544 1194 1604 οἱ
1216 1539 1322 1622 ἄνδρες

85 1630 139 1782 qq&
165 1621 259 1693 τόπου
287 1626 400 1692 ἐκείνου
428 1626 515 1711 quod
541 1629 629 1695 solus
651 1625 886 1694 Lachmannns
916 1628 1039 1711 recepit
1064 1626 1122 1694 sed
1149 1627 1243 1693 uncis
1271 1625 1322 1690 in-

118 1735 226 1782 usum.

174 1801 284 1885 Igitur
304 1801 341 1866 in
361 1799 423 1865 1100
444 1800 561 1865 ultima
582 1818 641 1863 sua
663 1804 773 1866 textus
795 1800 985 1867 recensione
1007 1800 1097 1899 Hera
1125 1799 1322 1884 quadragies

85 1887 259 1958 01001100
281 1908 301 1952 a
323 1884 483 1968 Stephani
506 1884 648 1949 editione
670 1887 762 1970 regia
783 1886 923 1965 recedit,
953 1886 1054 1953 viores
1076 1894 1109 1951 et
1131 1885 1233 1952 semel
1253 1907 1322 1951 me·

84 1976 171 2040 liora
187 1977 223 2038 et
239 1972 361 2038 nostrie
378 1973 516 2057 probata
534 1969 716 2054 amplexus,
735 1971 842 2039 decies
860 1981 893 2037 et
911 1973 1031 2055 septies
1049 1973 1160 2056 peiora
1178 1981 1211 2037 et
1227 1969 1324 2036 hodie

85 2061 157 2127 fere
178 2058 365 2142 repudiata,
394 2058 547 2124 undecies
569 2057 650 2122 talia
672 2057 712 2122 de
735 2060 853 2141 quibus
875 2079 963 2124 nuno
984 2080 1111 2142 quoque
1133 2057 1321 2142 ambigitur.

177 2145 355 2212 Caeterum
383 2151 514 2210 exstant
534 2143 636 2208 huius
663 2143 815 2210 editionis
845 2144 935 2210 tituli
962 2145 1100 2224 diversi,
1130 2144 1218 2229 quod
1245 2143 1323 2208 olim

85 2233 259 2315 utriusque
280 2233 410 2317 generis
432 2229 673 2314 exemplaribus
692 2230 902 2315 Guelferbyti
924 2231 1049 2296 collatis
1072 2231 1219 2315 cognovi.
1249 2230 1323 2294 Iam

85 2326 264 2401 utrumque
296 2317 395 2383 etiam
422 2316 459 2381 in
488 2335 561 2381 mea
592 2315 782 2383 collectione
811 2316 960 2383 habetur.
1012 2317 1165 2382 Alterum
1199 2316 1324 2382 nomini

86 2404 269 2472 haeredum
291 2403 448 2488 Vignonii
469 2403 578 2486 iungit
598 2403 729 2487 insigne
751 2404 915 2470 anchorae
937 2409 971 2468 01
991 2404 1161 2485 serpentis,
1184 2403 1323 2468 alterum

87 2512 210 2559 nomen
231 2491 513 2575 typographorum
544 2494 630 2553 tacet
650 2498 683 2554 et
703 2490 833 2574 insigne
861 2490 998 2556 exhibet
1024 2489 1147 2556 olivam
1176 2511 1251 2555 cum
1272 2508 1323 2552 00-

87 2577 163 2645 curi
194 2598 213 2642 0
244 2576 386 2642 nubibus
419 2575 561 2641 demissa
584 2581 616 2639 et
643 2575 861 2659 epigraphen:
903 2575 989 2641 Vide
1023 2575 1264 2660 benignitatem
1291 2579 1324 2639 et

88 2663 300 2731 severitatem
322 2660 395 2727 Dei.
441 2661 535 2726 Talia
562 2681 689 2744 quoque
716 2662 753 2727 in
782 2661 857 2728 bibl.
882 2662 1069 2728 'Proiectina
1091 2670 1125 2727 et
1146 2660 1325 2746 Lugdune-

86 2752 221 2818 Batava
242 2749 357 2816 haberi
378 2747 505 2815 rescivi.

201 2979 252 3044 8.*
295 2981 589 3044 CANTABRIGIAE
607 3001 640 3041 01
656 2985 772 3056 officina
789 2986 859 3057 Rog.
877 2987 1014 3064 1101110111.
1045 2983 1135 3042 1641.
1160 2987 1211 3054 fol.

178 3119 291 3185 Editio
313 3117 432 3183 iterata
452 3116 493 3182 ad
511 3123 663 3200 quartam
682 3122 794 3196 (1598)
815 3119 1025 3196 conformata,
1048 3116 1168 3182 additis
1186 3114 1325 3182 subinde

89 3205 288 3291 quibusdam
305 3205 412 3270 Betae
429 3203 516 3268 notis
539 3223 581 3268 ex
602 3203 776 3286 prioribus.
812 3205 959 3270 Accessit
981 3204 1157 3287 separatim
1179 3203 1215 3267 in
1237 3201 1325 3268 calce

91 3292 271 3362 voluminis
298 3289 458 3356 Ioaohimi
480 3288 663 3354 0011010111
691 3291 944 3356 commentarius
967 3291 1054 3355 inter
1081 3289 1181 3356 libros
1208 3309 1325 3372 exege-

90 3379 179 3447 11000
197 3376 321 3444 saeculi
331 3375 427 3441 XVI.
451 3396 517 3441 non
539 3376 655 3440 infima
676 3382 756 3441 nota
778 3376 967 3460 signandus.
1001 3375 1049 3442 Of.
1074 3373 1325 3460 Baumgartenii

90 3464 215 3532 Nachr.
238 3461 335 3528 VIII.
361 3466 390 3543 8,
413 3461 573 3528 Goezium
594 3484 624 3544 p.
649 3467 698 3541 33,
721 3463 910 3529 Maschium
932 3485 961 3546 p.
987 3468 1059 3528 311.

179 3551 241 3617 Bis
262 3554 396 3614 tantum
416 3547 532 3613 relicta
553 3548 693 3614 lectione
715 3549 886 3632 archetypi
909 3551 962 3615 sui
982 3549 1062 3614 facit
1087 3569 1163 3616 cum
1184 3547 1325 3612 Batanis

91 3634 276 3704 minoribns
298 3635 370 3700 sive
391 3633 534 3700 editione
555 3635 599 3699 H.
623 3632 787 3718 Stephani
809 3635 902 3717 (vide
924 3635 1010 3700 inira
1031 3635 1074 3701 X.
1099 3638 1149 3698 49.
1175 3637 1239 3710 84).

191 3881 247 3942 a*
289 3879 472 3939 LUGDUNI
490 3882 593 3938 Butae.
612 3898 645 3938 01
662 3882 735 3953 rfffie.
754 3883 826 3938 Adr.
851 3883 1049 3954 angoerdca.
1083 3877 1172 3938 1652.
1200 3879 1229 3935 4.

232 3968 251 4006 ⁴*
293 3965 609 4024 AMSTELAEDAMI
626 3987 671 4042 op.
689 3971 730 4025 Io.
748 3971 904 4026 Raocetcin.
936 3967 1025 4026 1662.
1055 3968 1082 4024 4.

182 4100 276 4185 Opus
297 4099 456 4166 Balduini
477 4099 609 4167 Walaei
631 4100 775 4186 theologi
796 4099 882 4183 apud
904 4099 1024 4185 Belgas
1045 4098 1250 4167 celeberrimi
1271 4120 1327 4165 ex·

95 4186 215 4254 hibens
236 4185 337 4253 libros
358 4186 399 4252 N.
423 4187 459 4253 T.
484 4186 664 4265 historicos,
687 4187 861 4272 evangelia
882 4187 1005 4254 scilicet
1034 4195 1067 4252 et
1089 4188 1173 4252 Aeta
1201 4192 1328 4269 aposto-

95 4275 215 4352 lorum,
238 4294 314 4340 cum
335 4271 458 4356 duplici
478 4273 629 4339 versione
651 4274 763 4350 latina,
785 4273 986 4358 Hieronymi
1002 4281 1035 4338 et
1054 4273 1170 4350 Bonae,
1193 4281 1226 4337 et
1242 4273 1329 4336 notis

95 4361 275 4430 variorum.
320 4359 398 4425 Una
418 4358 596 4442 eademque
619 4358 717 4424 editio
746 4366 797 4425 001
819 4359 958 4426 diversis
980 4359 1085 4424 titulis
1107 4364 1231 4423 ornata.
1278 4356 1327 4423 Of.

96 4445 286 4515 Maschium
307 4467 339 4531 p.
363 4446 434 4527 310,
458 4446 712 4531 Baumgartenii
733 4445 854 4511 Nachr.
876 4446 920 4510 H.
946 4448 996 4523 28,
1028 4445 1186 4511 Goezium
1207 4444 1253 4508 Π.
1280 4449 1328 4508 14.

98 4535 245 4601 Textum
267 4531 414 4616 seqnitur
434 4533 542 4598 Besae
563 4553 607 4598 ex
629 4530 677 4597 ed.
701 4532 848 4616 principe
873 4535 952 4596 1565
977 4530 1196 4614 desumptum,
1225 4551 1245 4595 a
1266 4551 1331 4614 qua

98 4624 213 4687 tamen
234 4618 408 4705 quinquies
430 4618 552 4686 transit
572 4618 613 4685 ad
634 4616 788 4685 ultimam
807 4621 920 4700 (1598)
937 4617 980 4683 X.
1000 4623 1049 4684 30.
1069 4622 1119 4683 33.
1139 4621 1191 4684 38.
1211 4623 1264 4683 89.
1279 4621 1335 4680 ct.
