3000 5024
426 254 619 313 uumerus
639 255 783 312 Mtxrau
802 255 1062 314 eucsuuoaus.
1305 260 1367 326 266

220 516 274 583 h*
295 523 526 595 emturum),
552 525 651 596 Verlop
672 541 723 580 uon
752 525 885 595 Velbopea
907 527 967 580 aad
984 525 1112 596 ches'ap.
1141 525 1227 586 1845.
1254 525 1281 588 8.

414 661 432 698 t
452 657 538 722 Item
564 662 656 721 1849.
680 663 708 722 8.
795 655 812 687 ⁴*
833 658 918 722 Item
946 661 1034 722 1854.
1061 664 1088 722 8.

444 744 529 808 Item
556 747 646 809 1855.
672 749 699 808 8.
831 744 917 808 Item
945 747 1032 807 1858.
1058 748 1085 806 8.

217 865 282 930 use
314 864 375 929 hoe
408 863 449 927 N.
477 861 511 927 Τ.
540 885 616 948 pars
649 863 833 930 Bibliorum
866 863 1122 948 polyglottorum
1155 886 1238 948 quae
1271 867 1368 934 hodie

129 952 212 1018 satis
230 950 392 1034 frequenti
410 970 472 1014 usu
490 971 549 1034 per
560 951 774 1018 Germaniam
792 950 1007 1028 celebrantur,
1027 951 1221 1036 exhibetque
1238 960 1368 1037 praeter

96 1058 103 1066 “
128 1043 260 1104 textum
283 1035 509 1101 authenticum
528 1038 712 1105 versionem
730 1036 866 1101 latinam
885 1035 1055 1120 vulgatam
1080 1045 1112 1102 et
1128 1038 1271 1104 Lutheri
1294 1062 1367 1124 ger-

127 1124 303 1189 manicam.
336 1120 497 1202 Quartum
515 1125 700 1189 columnam
719 1124 754 1188 in
772 1121 878 1187 tribus
899 1122 1014 1204 primis
1034 1122 1230 1190 editionibus
1254 1149 1367 1211 στερεο-

128 1210 230 1282 τύπως
255 1208 404 1291 repetitis
426 1217 586 1292 occupant
608 1211 718 1275 variae
740 1209 908 1274 variorum
931 1211 1136 1292 germanicae
1166 1212 1367 1296 singulorum

128 1296 306 1362 verborum
336 1294 639 1378 interpretationes,
668 1295 703 1360 in
731 1302 848 1379 quarta
874 1316 953 1361 vero
983 1302 1016 1359 ct
1045 1296 1158 1379 quinta
1181 1298 1287 1364 versio
1309 1321 1367 1364 an·

128 1383 224 1468 glica.
270 1381 391 1467 Tertui
413 1401 529 1465 graeco
551 1382 719 1448 subiicitur
746 1383 780 1447 iu
810 1381 958 1464 margine
988 1382 1140 1448 inferiore
1168 1384 1368 1451 variantium
1478 1442 1481 1450 .

129 1469 278 1535 deleatur
300 1488 342 1532 ex
364 1469 583 1532 recentiorum
606 1470 792 1534 criticorum
814 1467 909 1532 libris
932 1467 1148 1533 collecturum.

215 1553 388 1619 Editor-em
410 1556 519 1636 graeci
541 1562 651 1621 textus
674 1577 708 1619 sc
727 1554 900 1637 profitetur
921 1552 1007 1617 idem
1031 1553 1066 1618 Ο.
1088 1552 1129 1619 G.
1154 1555 1195 1621 G.
1216 1557 1366 1624 Theilius

129 1662 226 1726 quem
259 1638 357 1704 modo
384 1639 620 1723 Knappianam
648 1639 822 1705 editionem
848 1639 942 1704 novis
971 1640 1057 1705 euris
1086 1642 1228 1707 maxime
1257 1644 1366 1709 Lach-

128 1747 254 1793 mauno
282 1733 316 1789 et
344 1719 588 1791 'Fischendorfio
621 1725 757 1792 ducibus
786 1724 991 1790 emendatum
1021 1726 1148 1792 dedisse
1177 1727 1255 1793 dixi.
1300 1730 1367 1793 Hie

128 1835 207 1879 vero
239 1811 326 1875 idem
359 1811 458 1894 plane
491 1812 588 1876 aliam
621 1813 710 1879 viam
739 1813 917 1896 ingressus,
950 1832 992 1875 ne
1024 1812 1111 1878 inter
1137 1814 1365 1880 Lutheranam

128 1900 313 1964 versionem
336 1897 470 1979 eiusque
492 1897 615 1962 fontem
649 1899 750 1963 nimia
773 1897 991 1978 discrepantia
1024 1909 1203 1982 appareret,
1238 1909 1366 1966 textum

128 1990 298 2069 receptum
321 1983 342 2047 i.
368 2004 394 2047 e.
417 1983 666 2050 Elzeviriannm
695 1983 866 2065 descripsit
887 1984 1053 2049 rarissime
1075 1992 1245 2051 mutatum.
1290 1988 1367 2052 Non

128 2071 216 2136 enim
245 2069 358 2152 plures
387 2089 485 2150 quam
513 2071 650 2154 triginta
678 2070 820 2152 quinque
849 2069 936 2135 locos
969 2071 1078 2153 reperi
1108 2073 1143 2136 in
1171 2073 1289 2155 quibus
1325 2073 1366 2139 ab

127 2156 243 2222 eodem
265 2153 402 2220 discedit
423 2162 520 2238 atque
542 2157 577 2220 in
600 2155 652 2221 his
674 2154 851 2222 octodecim
873 2155 927 2220 ubi
947 2155 1013 2220 iam
1036 2165 1134 2222 antea
1151 2160 1365 2224 recentiorem

117 2242 327 2331 *scripturam
367 2261 459 2305 suam
499 2242 636 2321 fecerat;
681 2249 810 2307 caetera
849 2262 935 2306 nunc
973 2242 1123 2308 similiter
1166 2246 1286 2327 partim
1325 2243 1366 2309 ad

128 2325 347 2404 Griesbachii,
385 2327 505 2408 partim
545 2327 587 2392 ad
626 2327 837 2393 Lachmanni
875 2334 908 2391 et
945 2327 1181 2394 Tisohcndcrfii
1221 2337 1366 2397 mentem

127 2414 307 2480 reformata
328 2411 538 2495 deprehendi.

129 2625 185 2687 a·
207 2624 446 2686 srurromr
466 2626 906 2768 mmufimhmfflgh'gm
925 2624 1101 2683 ramesen
1127 2628 1170 2683 sa·
1196 2626 1224 2682 s.
1248 2626 1284 2683 o.
1303 2629 1366 2685 nes

617 2731 646 2769 ec
664 2731 719 2782 sap.
824 2757 830 2771 .
876 2757 882 2771 .

215 2844 328 2910 Editio
360 2844 681 2930 graeco-germanica
712 2845 803 2910 cuins
832 2850 942 2911 textus
972 2864 1109 2929 graecus
1140 2845 1365 2929 praecedentis

128 2931 340 3017 apographon
364 2939 422 2998 est.
472 2976 477 2981 -

486 3191 500 3272 s
525 3190 551 3251 2.
598 3184 760 3252 uurrro
782 3185 1005 3255 Moenum.

288 3400 315 3459 6.
359 3397 569 3456 HAMBURGI
586 3401 738 3472 compertas
755 3401 780 3454 Ι.
798 3401 834 3455 Α.
851 3401 996 3458 Meieeacr.
1035 3399 1124 3459 1846.
1163 3399 1209 3459 16.

311 3484 340 3517 ¹*
357 3484 569 3543 HAMBURGI
586 3487 735 3558 sumptibus
752 3488 777 3541 I.
796 3487 831 3541 A.
849 3489 994 3542 Materna.
1032 3485 1122 3546 1848.
1162 3485 1208 3545 16.

323 3571 340 3605 *⁵
357 3570 567 3629 HAMBURGI
584 3575 736 3647 coaptabat
753 3576 777 3628 1.
796 3574 831 3628 A.
850 3575 995 3628 Meiaeacr.
1032 3569 1122 3631 1860.
1160 3569 1207 3631 16.

215 3701 393 3770 Eduardue
416 3703 456 3768 de
475 3704 622 3769 Muralto
645 3703 817 3780 Helvetus,
840 3705 938 3769 hodie
960 3705 996 3769 iu
1017 3702 1183 3770 academia
1201 3704 1364 3771 Beruensi

128 3789 313 3876 theologiae
335 3791 514 3873 professor,
545 3790 623 3855 olim
651 3812 752 3874 quum
775 3792 875 3856 Petro
898 3791 943 3856 oli
969 3790 1073 3856 literis
1101 3787 1228 3875 graecis
1257 3790 1365 3857 studia

128 3877 216 3944 varii
238 3877 368 3961 generis
392 3876 524 3953 dicaret,
548 3878 635 3941 inter
657 3876 721 3941 alia
744 3878 842 3943 etiam
895 3879 951 3942 .Τ.
972 3877 1078 3942 textui
1102 3876 1142 3942 ad
1160 3876 1261 3942 fidem
1280 3877 1362 3943 enti·

129 3964 282 4049 quiorum
309 3964 457 4041 testium,
492 3964 635 4028 maxime
662 3962 782 4029 codicis
810 3964 980 4042 Vaticani,
1015 3962 1219 4028 restituendo
1252 3983 1363 4028 curam

127 4047 297 4135 impendit,
321 4057 354 4114 et
375 4069 461 4114 nova
482 4048 579 4131 plane
598 4056 632 4114 et
649 4049 810 4134 singulari
827 4051 933 4115 forma
951 4048 1091 4115 cundem
1108 4048 1239 4132 prodire
1256 4049 1361 4113 iussit.

127 4136 255 4221 Magna
277 4133 406 4218 quidem
430 4142 464 4201 et
486 4134 548 4200 sibi
570 4141 603 4199 et
624 4134 801 4202 lectoribus
823 4137 986 4219 promittit
1013 4135 1219 4200 doctissimus
1246 4133 1360 4213 editor,

128 4223 293 4306 integram
316 4222 440 4287 scilicet
456 4221 650 4288 varietatem
670 4244 712 4287 ex
730 4223 878 4305 patribus
900 4221 1015 4288 aetatis
1036 4221 1230 4305 apostolicae
1247 4219 1362 4303 depro-

128 4306 299 4386 mendam,
329 4309 408 4371 item
438 4331 479 4373 ex
501 4308 706 4374 versionibus
733 4311 852 4374 saeculi
875 4310 919 4374 ΙΙ.
943 4317 976 4373 et
996 4308 1079 4385 111„
1110 4307 1256 4373 ecdicum
1284 4327 1362 4372 vero

128 4395 189 4459 IV.
202 4393 256 4459 vel
268 4394 308 4458 V.
344 4391 502 4474 Quaene
526 4394 664 4458 nimium
686 4395 824 4472 mireris,
848 4397 931 4461 scias
953 4395 1016 4479 ipsi
1039 4392 1250 4475 apostolicam
1273 4402 1362 4457 aeta·

129 4486 196 4546 tem
219 4479 318 4546 latius
340 4487 451 4562 patore
473 4501 569 4564 quam
588 4481 698 4564 'vulgo
728 4481 964 4562 praesumitur,
994 4479 1177 4546 versionem
1200 4479 1362 4563 syriacam

129 4564 172 4633 ad
193 4565 324 4631 initium
347 4567 468 4632 saeculi
486 4565 621 4633 secundi
639 4566 762 4646 referri,
784 4565 927 4633 codicem
938 4566 1138 4632 Vaticanum
1157 4564 1198 4629 ad
1218 4566 1361 4644 tertium,

129 4651 394 4723 Alexandrinum
416 4653 459 4720 ad
476 4659 639 4740 quartum,
662 4654 709 4720 ita
731 4658 768 4719 ut
790 4653 928 4741 siugulis
946 4654 1013 4720 fere
1031 4650 1170 4720 testibus
1189 4652 1362 4720 vetustatis
