3000 5024
712 1419 830 1477 CAPUT
847 1419 907 1476 XII.

476 1741 480 1747 ι
624 1592 985 1695 unimores
1058 1662 1060 1667 .

354 1762 1264 1864 STEPHANO·ELZEVIR1ANAE.

277 2073 446 2139 Plurimae
475 2073 596 2140 saeculi
623 2069 738 2136 XVII.
769 2079 803 2138 et
822 2072 957 2141 XVIII.
985 2070 1158 2151 editiones,
1187 2093 1266 2157 quas
1295 2079 1427 2141 textum

191 2165 360 2242 receptum
389 2181 487 2242 quom
518 2159 633 2224 dieunt
659 2158 842 2241 exprimere
871 2159 1007 2244 vulgata
1033 2159 1142 2241 opinio
1169 2167 1234 2240 est,
1266 2160 1426 2227 lectiones

192 2242 411 2328 Stephanicas
433 2255 467 2311 et
487 2243 714 2333 Elaevirianas
736 2244 783 2310 ita
805 2247 944 2311 miscent
971 2253 1010 2335 ut
1037 2244 1177 2311 alterum
1203 2252 1338 2311 textum
1366 2269 1426 2330 pro

191 2331 404 2396 fundamento
433 2332 575 2416 positum
605 2353 646 2396 ex
675 2330 782 2396 'altero
813 2331 988 2415 corrigant.
1039 2328 1135 2411 Quod
1167 2331 1233 2397 iam
1263 2331 1302 2396 in
1332 2332 1427 2400 libris

191 2418 297 2500 capite
319 2419 488 2501 superiore
509 2417 651 2483 laudatis
672 2417 802 2500 saepius
824 2417 947 2484 fectum
966 2418 1149 2496 observavi,
1172 2417 1230 2483 sed
1247 2418 1324 2501 quie
1342 2441 1426 2505 pau-

190 2504 332 2570 cioribus
355 2503 395 2569 ds
416 2504 496 2569 locis
517 2500 756 2569 observandum
773 2503 882 2569 fuerat
902 2523 973 2568 rem
989 2523 1058 2568 non
1075 2503 1144 2569 eins
1166 2505 1325 2571 momenti
1343 2505 1426 2573 duxi

190 2597 442 2673 propterquam
466 2591 608 2656 nominis
626 2589 825 2657 Elaeviriani
855 2590 1030 2667 honorem,
1058 2589 1086 2654 si
1113 2591 1185 2672 quis
1212 2591 1328 2671 fuerit,
1357 2591 1426 2660 illis

189 2675 404 2742 detraherem.
438 2676 504 2742 Hie
526 2697 606 2741 vero
629 2676 711 2742 alios
732 2675 893 2743 adducam
914 2675 951 2740 in
972 2674 1090 2759 quibus
1111 2675 1259 2742 lectionis
1279 2678 1426 2745 varietas

188 2763 224 2827 in
244 2763 385 2846 amplius
407 2763 572 2846 octoginta
593 2762 672 2828 locis
694 2783 736 2826 ex
753 2783 825 2828 meo
846 2761 1032 2828 millenario
1055 2783 1191 2828 numero
1212 2762 1309 2829 modo
1325 2763 1425 2831 Elae-

189 2849 352 2915 virianam
370 2848 567 2932 scripturam
583 2847 680 2913 modo
692 2846 929 2931 Stephanicam
948 2848 1028 2914 viris
1040 2847 1143 2916 doctis
1153 2849 1259 2934 magis
1269 2850 1425 2918 minusve

189 2934 321 3002 dubiam
345 2943 379 3000 et
399 2936 615 3001 incorrectam
638 2934 743 3002 visam
765 2954 837 3001 esse
854 2934 1068 3013 demonstrat,
1091 2955 1190 3018 quam
1206 2934 1304 3002 modo
1321 2936 1425 3003 auda·

189 3021 259 3088 oius
281 3020 378 3086 modo
399 3021 547 3091 timidius
570 3020 794 3087 sollicitarent.
838 3019 947 3086 nolin
975 3021 1037 3088 hoc
1066 3019 1199 3104 quidem
1228 3022 1334 3106 eapite
1356 3044 1425 3090 non

190 3108 297 3173 solum
319 3129 374 3172 eas
395 3107 554 3173 editiones
576 3106 751 3174 recensebo
778 3107 814 3173 in
836 3106 954 3190 quibus
975 3113 1088 3173 textus
1109 3107 1257 3191 vulgaris
1282 3129 1324 3174 ex
1347 3108 1423 3176 Sto-

211 3193 291 3258 hani
313 3195 415 3276 patris
438 3194 616 3277 exemplari
647 3194 840 3259 emendatus
860 3199 925 3272 ost,
955 3214 1071 3259 verum
1100 3203 1134 3259 et
1160 3193 1319 3276 plurimas
1340 3216 1424 3279 quae

188 3215 428 3362 gtephanioum
439 3281 562 3345 fontem
579 3287 761 3366 agnoscunt
773 3302 813 3345 ex
824 3279 1043 3345 Elzevirianis
1060 3279 1152 3347 libris
1170 3278 1423 3348 emendandum.

189 3365 286 3446 Quod
308 3366 371 3431 etsi
392 3367 426 3431 in
449 3365 588 3450 singulis
616 3367 723 3431 rarius
744 3367 867 3431 factum
893 3365 997 3430 nihilo
1024 3366 1134 3432 minus
1160 3372 1272 3432 textus
1300 3369 1423 3452 recepti

189 3451 348 3516 rationem
382 3451 478 3534 plene
512 3451 608 3515 aliam
642 3453 743 3518 fuisse
773 3451 925 3517 ostendet
956 3473 1054 3536 quam
1085 3451 1186 3536 vulgo
1218 3453 1422 3520 aestimatur.

189 3535 278 3604 Sane
298 3538 385 3602 inter
406 3537 467 3603 has
486 3535 898 3621 Stephano-Elzeviriaues
920 3547 953 3602 et
974 3558 1029 3603 eas
1051 3558 1132 3621 quas
1154 3559 1255 3621 supra
1271 3540 1425 3606 recensui

188 3622 524 3709 Stephano-Bozenos
545 3624 657 3708 aliqua
677 3623 853 3691 intercedit
874 3623 1065 3703 similitudo,
1093 3623 1151 3690 sed
1173 3625 1291 3691 merito
1312 3623 1423 3694 diver-

188 3730 262 3775 sum
289 3731 408 3776 nomen
435 3710 581 3794 utrisque
607 3718 806 3790 reservatur,
840 3732 942 3794 quum
963 3710 1025 3775 has
1057 3711 1253 3777 recentiores
1286 3732 1354 3777 non
1381 3735 1424 3780 ex

130 3811 134 3826 “
186 3796 277 3862 Bene
298 3794 355 3863 sed
377 3818 419 3861 ex
440 3796 649 3863 Elzeviriano
672 3802 767 3862 textu
789 3818 885 3862 suum
908 3796 1057 3863 hausisse
1077 3797 1298 3864 certissimum
1320 3798 1373 3865 sit

568 4075 583 4158 ς
611 4081 634 4138 ι.
679 4070 841 4138 uorrro
863 4072 1036 4140 noenu.

378 4260 429 4324 1.*
473 4264 768 4326 CANTABRIGIAE
785 4284 833 4340 ap.
855 4268 948 4326 Thom
966 4269 1054 4326 Baelo.
1083 4265 1173 4326 1632.
1202 4267 1231 4326 8.

273 4399 355 4467 Sine
376 4401 578 4484 praefatione
604 4400 709 4468 aliove
737 4400 973 4480 additamento,
1000 4400 1089 4485 typis
1116 4400 1297 4469 maioribus
1323 4402 1424 4472 lineis

186 4484 325 4572 integris
341 4509 458 4571 parum
474 4487 642 4571 eleganter
657 4508 820 4572 expressa.
852 4485 1009 4571 Sequitur
1019 4487 1264 4556 Elzevirienem
1277 4489 1423 4575 primam

183 4573 325 4640 mutatis
346 4572 499 4642 undecim
519 4572 616 4641 locis:
1395 4596 1398 4603 ·
