3000 5024
713 1411 830 1468 uAPUT
849 1413 907 1468 VII.

192 1516 1429 1686 uorrronusconruere-srarnlurolu.

278 1893 383 1957 Fama
404 1892 613 1958 notissimum
635 1898 685 1957 est
706 1913 787 1974 opus
809 1893 964 1961 biblieum
986 1891 1209 1978 polyglottum
1230 1893 1317 1975 quod
1340 1915 1429 1972 anno

196 1984 275 2042 1569
307 1986 341 2042 et
368 1979 581 2060 sequentibus
607 1979 677 2042 Ant
678 1980 821 2061 werpiae
843 1980 998 2070 Ohristop
999 1981 1100 2045 horus
1121 1978 1301 2044 Plautinus
1321 1966 1429 2046 Turo-

63 2046 65 2050 ’
191 2066 303 2130 nensis
331 2065 515 2131 excudebat
544 2063 706 2148 dirigente
728 2066 907 2131 Benedieto
918 2059 1017 2132 Aria
1037 2066 1198 2130 Montano
1227 2064 1282 2142 (de
1308 2064 1343 2130 la
1373 2064 1428 2132 Si-

192 2157 288 2229 erra),
312 2158 384 2216 outo
406 2151 631 2217 voluminibus
653 2152 777 2216 formae
799 2153 965 2217 maximae
988 2151 1189 2229 absolutum,
1213 2151 1302 2235 quod
1323 2173 1428 2235 quum

193 2238 345 2319 auspiciis
366 2237 514 2319 Philippi
534 2236 581 2303 ΙΙ,
604 2238 691 2320 regis
708 2238 892 2321 Hispaniae
910 2238 977 2303 edit
964 2247 1034 2303 tum
1057 2238 1101 2302 sit
1120 2236 1222 2320 vulgo
1240 2237 1429 2304 Bibliorum

192 2324 357 2407 regiorum
380 2325 512 2387 nomine
534 2322 727 2406 appellatur.
772 2326 824 2390 De
853 2324 950 2390 huius
981 2324 1088 2406 operis
1117 2324 1217 2390 variis
1237 2322 1428 2402 ‚editoribus

192 2417 260 2474 mat
248 2409 338 2474 teriis
360 2409 429 2473 font
430 2410 502 2474 ibus
523 2418 557 2472 et
579 2409 705 2474 meritis
728 2431 795 2474 non
817 2417 868 2476 est
889 2410 1028 2511 quodh.
1059 2409 1079 2474 l.
1110 2407 1209 2491 plura
1233 2409 1355 2476 diuam:
1385 2411 1426 2476 ef.

193 2496 432 2580 Masohiump.
459 2500 520 2556 340
544 2516 601 2560 ss.-
593 2496 808 2579 ,tBaumgar
810 2498 919 2562 eninm
942 2499 979 2562 in
1000 2494 1120 2562 Naehr.
1144 2495 1171 2560 Ι.
1197 2499 1257 2558 289
1281 2503 1315 2561 et
1335 2495 1427 2561 Hall.

192 2582 278 2647 Bibl
300 2582 328 2646 I
356 2587 368 2641 1
394 2519 428 2646 ιιι
445 2581 593 2646 Annales
615 2587 627 2644 t
629 2602 716 2666 ygpo
717 2582 851 2664 raphiae
873 2583 1096 2669 plantinianae
1114 2581 1303 2665 nuperrime
1321 2582 1428 2648 inser·

193 2675 245 2733 tos
274 2667 393 2732 diario
427 2668 575 2732 Bulletin
605 2667 648 2732 du
676 2667 865 2767 bibliophile
892 2654 988 2753 belga
1020 2671 1098 2730 1856
1132 2689 1174 2732 ιι
1225 2667 1353 2733 Verum
1387 2667 1429 2734 de

194 2761 287 2819 ttexu
323 2774 440 2837 graeco
470 2753 510 2818 N.
541 2755 577 2818 Τ.
607 2774 644 2817 eo
675 2755 780 2838 magis
807 2775 889 2838 opus
917 2762 967 2820 ιιι
999 2761 1038 2819 ut
1024 2754 1167 2820 tverba
1195 2754 1327 2833 faeiem,
1364 2775 1428 2838 quo

194 2841 308 2906 alt-iore
330 2839 460 2905 silentio
483 2839 680 2904 recentiores
702 2840 770 2903 fere
796 2863 908 2906 omnes
931 2862 1006 2906 eum
1028 2841 1277 2940 praeterierunt,
1306 2840 1428 2924 quippe

194 2928 250 3010 qui
272 2926 338 2992 hist
325 2926 442 2991 otriam
464 2933 535 2990 text
537 2948 575 2990 us
598 2925 686 3009 typis
710 2927 866 3010 exscripti
892 2949 934 2992 ex
963 2927 1106 3026 propriis
1134 2927 1338 3010 ipsorumt
1307 2926 1428 2992 studiis

191 3014 381 3097 ignorantes
413 3013 502 3077 ultra
530 3011 675 3077 Millium
709 3033 822 3094 sapere
853 3034 921 3078 non
953 3014 1023 3078 ausi
1056 3013 1130 3077 sint.
1182 3012 1310 3078 Millius
1336 3034 1426 3090 vero,

190 3100 299 3164 neseio
321 3121 441 3164 oasune
463 3120 505 3162 an
524 3097 703 3182 negligent
695 3119 725 3162 ιι
681 3098 908 3165 tinvidiave
930 3099 969 3164 ab
992 3099 1055 3163 hae
1077 3098 1155 3163 edit
1132 3106 1221 3164 tione
1243 3099 1428 3165 accuratius

191 3186 410 3250 examinanda
432 3184 618 3262 distraetus,
642 3205 684 3247 ne
706 3184 880 3250 verbulum
897 3184 1028 3268 quidem
1047 3184 1087 3249 de
1109 3185 1202 3250 eain
1224 3184 1428 3267 prolegome-

153 3275 155 3279 ”
190 3272 243 3335 nis
264 3273 332 3336 suis
362 3271 456 3348 dixit,
485 3270 692 3351 caeteroquin
721 3269 919 3336 inexhausto
948 3272 984 3335 in
1011 3270 1132 3336 talibus
1161 3271 1257 3336 fonte.
1308 3269 1428 3336 Obiter

191 3363 322 3422 tantum
340 3356 368 3442 (ι
382 3363 477 3432 1115)
501 3355 581 3423 dieit
598 3357 712 3420 Ariam
731 3357 891 3422 nonnulla
912 3355 1156 3439 Complutensis
1177 3362 1289 3422 textus
1306 3356 1429 3422 menda

191 3464 339 3510 erasrsse

229 3528 433 3612 Vulgaris
455 3529 562 3610 opinio
584 3533 643 3608 est,
667 3549 769 3610 eaque
791 3529 863 3594 ab
853 3529 934 3613 ipsis
956 3527 1140 3594 Bibliorum
1163 3529 1328 3612 regiorum
1358 3527 1427 3594 edi-

191 3615 318 3680 toribus
345 3622 533 3699 propagata,
564 3580 693 3679 textum
714 3614 755 3679 N
786 3616 821 3679 Τ.
851 3615 962 3700 graeei
988 3614 1030 3679 ιιι
1052 3613 1321 3697 Complutensem
1350 3635 1427 3681 eon·

192 3702 369 3767 formatum
391 3721 470 3766 esse
516 3701 569 3765 Ad
593 3721 758 3765 summum
781 3700 951 3784 aliquoties
975 3698 1111 3766 dueibus
1133 3701 1272 3766 Erasmo
1295 3708 1329 3765 et
1351 3699 1427 3767 Ste-

190 3788 301 3872 phano
329 3809 403 3853 eum
433 3788 614 3852 correxisse
642 3787 780 3852 eredunt
767 3793 828 3851 tur.
879 3785 1013 3852 Videsis
1042 3806 1125 3868 quae
1154 3786 1267 3852 Wetst
1221 3787 1362 3852 tstenius
1390 3787 1427 3852 in

190 3874 430 3960 prolegomenrs
448 3894 477 3955 p
503 3877 563 3934 385
583 3871 631 3936 ed.
650 3872 716 3937 hal.
740 3894 781 3936 ex
800 3873 906 3937 Millio
926 3871 1118 3944 Oureollaeo
1136 3870 1297 3956 Bengelio
1315 3873 1426 3938 refert

192 3959 260 4026 Sed
282 3982 334 4025 res
352 3960 447 4042 plane
471 3958 529 4022 alit
516 3965 566 4023 ter
583 3979 653 4023 sese
676 3956 775 4022 habet
793 3966 826 4023 et
848 3967 919 4023 text
921 3980 960 4024 us
977 3958 1088 4024 Ριιιιι
1064 3958 1220 4038 tmianus,
1244 3979 1342 4040 quem
1364 3959 1427 4024 hoe

193 4048 326 4112 nomine
345 4044 509 4129 appellare
531 4044 637 4121 lieeat,
614 4050 760 4143 tquum
783 4045 933 4127 quisnam
950 4045 1013 4109 Vir
1035 4043 1195 4110 doetus
1167 4067 1198 4110 er
1220 4042 1427 4110 emendando

193 4134 338 4198 maxime
360 4153 493 4216 operam
514 4096 741 4213 impenllerit
733 4152 931 4230 ignoremus,
960 4130 1079 4214 dignus
1102 4131 1234 4196 omnino
1257 4139 1308 4196 est
1329 4151 1426 4213 quem

191 4220 327 4286 seorsim
349 4218 600 4283 consideremus.
639 4216 780 4299 Magnae
803 4218 893 4281 enim
915 4215 1095 4282 editionum
1116 4216 1259 4282 familiae
1281 4237 1427 4282 eommu-

191 4307 242 4371 nis
265 4314 315 4370 est
337 4313 370 4371 et
399 4304 520 4369 multas
542 4303 614 4368 leot
592 4310 696 4366 trenes
719 4304 867 4369 servavit
887 4325 967 4386 quas
990 4325 1009 4367 ι
1027 4302 1281 4382 Grresbaehro
1272 4323 1339 4367 ιιιιο
1361 4304 1429 4369 iam

194 4412 213 4456 ι
234 4393 341 4456 Maelo
363 4391 523 4474 Bengelio
545 4389 655 4453 Wetst
613 4388 730 4452 ttenio
752 4399 900 4473 receptas
922 4389 1119 4457 recentiores
1141 4389 1246 4455 oritiei
1262 4391 1428 4456 veteribus

193 4476 290 4561 plane
312 4476 495 4560 incognitas
518 4477 616 4540 fuisse
639 4475 739 4558 vulgo
758 4475 972 4557 arbitrantur,
994 4476 1087 4559 quasi
1104 4475 1334 4542 Elzevirorum
1354 4482 1428 4542 tex-

137 4577 142 4585 ·
195 4564 291 4639 tusi.
315 4585 341 4628 e.
364 4564 516 4629 Benanus
538 4562 616 4628 olim
638 4561 755 4627 unione
777 4561 900 4628 fuisset.
