3000 5024
214 240 275 313 132
732 241 918 301 osrurxt
1421 237 1449 297 x

211 412 365 481 manibus
395 413 618 481 studiosorum
639 414 799 483 tradendo
825 415 862 480 in
891 414 954 483 hoe
976 434 1075 498 opere
1104 413 1269 499 eogitavit
1314 411 1450 479 Adsunt

210 498 283 567 looa
304 500 471 583 parallelo,
493 507 586 581 πίναξ
607 504 789 590 μαρτυριῶν,
810 501 964 588 prologus
985 502 1021 567 in
1043 500 1186 568 Paulum
1202 498 1447 566 Boeolerianus

211 586 264 650 De
286 585 480 655 editionibus
502 589 806 674 Reehenbergianis
837 609 918 672 quas
947 608 1008 653 nos
1030 588 1065 653 in
1087 585 1169 653 duas
1191 586 1312 652 elossos
1333 583 1447 650 distri-

210 672 341 738 buimus
366 675 419 751 (of.
442 697 541 758 supra
569 678 584 760 ξ
612 681 645 753 3)
675 675 823 760 pluribus
851 675 918 759 egit
944 674 1111 741 Lorokius
1139 672 1213 738 BG.
1236 671 1282 737 II.
1307 673 1379 736 462.
1409 671 1448 736 of.

211 756 402 826 Knoohium
420 782 451 846 p.
476 766 547 843 463,
570 761 822 847 Baumgartenii
839 761 960 827 Naohr.
983 760 1028 825 II.
1052 765 1101 839 35,
1119 757 1307 827 Masohium
1324 778 1356 840 p.
1377 759 1448 822 255.

256 892 260 899 -
297 847 422 913 Textus
445 869 520 928 non,
542 855 580 912 ut
601 848 752 914 nonnulli
775 846 938 926 dixerunt,
962 868 1004 911 ex
1025 845 1075 912 od.
1102 843 1335 911 Leusdeniana
1363 843 1448 927 peti·

210 936 263 998 tus
286 933 345 998 sed
367 955 410 999 ex
427 934 587 1014 Polliam,
609 956 750 1018 quaeum
774 933 811 998 in
829 934 981 1000 omnibus
1002 932 1167 1000 consentit
1188 952 1257 997 exo.
1288 950 1356 995 uno
1377 928 1448 994 looo

210 1023 257 1101 (φ.
283 1024 325 1096 3).
359 1019 532 1086 Peouliar'e
550 1026 600 1086 est
622 1021 653 1086 ei
674 1021 756 1087 Iius.
778 1026 807 1100 8,
831 1023 880 1086 24.
903 1019 986 1087 vitio
1008 1040 1087 1084 sano
1108 1037 1282 1103 operarum
1301 1014 1448 1080 ἐπιστάτα

210 1105 313 1171 semel
333 1106 488 1190 positum.
533 1108 717 1193 Exemplar
738 1106 913 1191 Lipsiense
934 1106 1042 1173 adhue
1062 1126 1130 1172 non
1150 1102 1229 1173 vidi.

213 1341 291 1405 89st
333 1343 489 1403 LIPSIAE
507 1365 555 1418 op.
572 1347 687 1402 viduam
704 1348 745 1403 Io.
764 1346 905 1403 Heioa'obia'
919 1347 994 1418 tppie
1010 1348 1036 1402 I.
1053 1346 1091 1402 H.
1109 1345 1242 1403 Bomoi.
1270 1340 1364 1406 1697.
1401 1338 1446 1403 12.

297 1477 541 1562 Roehenbergii
561 1477 611 1547 ed.
634 1478 680 1543 H.
703 1478 806 1561 priori
827 1477 863 1543 in
880 1477 1032 1543 omnibus
1050 1478 1167 1543 similis
1189 1477 1284 1543 unioe
1301 1484 1447 1544 oorreeta

209 1563 350 1630 leotione
372 1561 454 1631 Iino.
477 1569 506 1643 8,
530 1566 578 1630 24.
609 1565 808 1649 ‚Exemplar
828 1586 938 1630 meum
960 1565 1037 1630 olim
1056 1564 1335 1632 Lorokii'luerat
1379 1562 1446 1628 Va·

210 1651 336 1718 uiantes
357 1651 630 1735 Reohenbergius
651 1672 720 1716 non
741 1650 923 1735 descripsit.

211 1853 286 1923 oo*
328 1861 484 1919 nnsmn
501 1864 634 1921 emron
650 1865 675 1921 1.
694 1863 763 1935 opt.
781 1863 911 1935 romeos
926 1864 1000 1936 eppa
1017 1862 1083 1937 epo.
1101 1818 1261 1927 moes.
1294 1863 1387 1925 roae.
1418 1863 1446 1924 e.

296 2011 365 2099 Est
392 2034 471 2097 pars
500 2014 676 2080 bibliorum
704 2034 897 2098 graooorum
928 2012 1043 2079 oedem
1069 2034 1157 2080 anno
1186 2034 1206 2078 a
1233 2014 1282 2082 Io.
1309 2013 1446 2083 Friekio

209 2095 362 2164 Ulmensi
384 2099 556 2180 editorum,
579 2099 620 2166 de
643 2100 761 2184 quibus
782 2099 859 2167 vide
882 2108 1013 2183 praeter
1034 2100 1114 2167 alios
1135 2100 1362 2169 Roimmannii
1383 2101 1446 2170 Oa-

209 2185 266 2250 tal.
290 2207 321 2268 p.
347 2189 418 2265 236,
439 2186 629 2253 Knoohium
650 2207 681 2269 p.
709 2190 778 2251 148.
812 2186 899 2271 Typi
919 2207 978 2271 pro
1000 2185 1075 2253 libri
1098 2188 1204 2254 forma
1225 2189 1305 2255 setis
1327 2210 1448 2289 magna

210 2291 316 2355 paene
332 2273 433 2337 nimis
455 2274 584 2339 minuti.
629 2272 818 2338 Fellianum
839 2270 1010 2358 exemplar
1031 2278 1182 2341 accurate
1203 2286 1237 2340 et
1254 2274 1448 2360 simpliortor

211 2355 366 2425 describit
388 2356 503 2439 editor,
525 2359 573 2424 ita
594 2366 708 2424 tamen
729 2367 767 2424 ut
789 2357 954 2427 variantes
976 2381 1090 2426 omnes
1111 2381 1132 2427 a
1152 2361 1302 2447 margine
1331 2361 1447 2450 singu·

210 2442 319 2512 larum
337 2446 536 2532 paginarum
557 2444 599 2510 ad
620 2445 742 2512 oaloem
763 2446 864 2512 totius
886 2446 1064 2515 voluminis
1085 2447 1218 2534 releget.

212 2681 288 2742 91st
315 2677 362 2744 Ἐν
379 2677 691 2743 ΚΑΝΤΔΒΡΙΓΙΑι
708 2676 887 2760 ἀναλώμασι
903 2677 985 2760 Erip.
1004 2681 1054 2742 τοῦ
1069 2679 1250 2769 Ίεπφραίου.
1273 2682 1335 2746 ἔτει
1355 2685 1393 2749 Α.
1405 2684 1445 2749 Ψ.

575 2769 725 2846 [Οωιῡαόνψ
742 2771 856 2842 Ieffrap.
891 2770 994 2848 1700.]
1031 2768 1078 2833 12.
1228 2780 1231 2785 '

297 2901 397 2971 Solus
415 2904 456 2970 de
477 2904 541 2970 hao
559 2903 702 2969 editione
729 2904 882 2971 notitiam
909 2903 989 2969 olim
1018 2905 1250 2988 suppeditabat
1278 2906 1445 2992 eatalogns

75 3032 79 3040 ·
211 2990 421 3057 Lorokianus
448 3012 479 3073 p.
514 2995 582 3056 101.
632 2991 864 3057 Elnevirianus
892 2997 1004 3057 textus
1026 3012 1068 3056 ex
1089 2991 1189 3057 Pollii
1210 2992 1472 3078 reeognitione·

211 3075 338 3152 duobus
359 3077 439 3143 loeis
462 3078 616 3160 exeeptis.
661 3075 773 3143 Habet
793 3102 817 3142 ε.
843 3081 880 3139 13
903 3098 971 3144 non
989 3097 1066 3144 vero
1088 3103 1120 3162 φ.
1144 3083 1174 3146 3.
1196 3079 1348 3148 Libellus
1369 3081 1445 3147 niti·

211 3162 358 3230 dioribus
380 3161 656 3230 adnumerandus.

231 3371 307 3432 92*
336 3371 493 3431 LIPSIAE
510 3375 662 3448 moptobos
678 3376 704 3432 Ι.
723 3374 932 3450 OpbKoam'pii
945 3393 1001 3434 eoo.
1018 3376 1044 3435 1.
1061 3376 1100 3432 H.
1117 3376 1240 3436 Riebtor.
1272 3374 1366 3440 1702.
1396 3378 1424 3440 8.

300 3524 438 3607 Triplex
458 3525 683 3608 praemittitur
704 3526 872 3609 praefatio,
893 3527 1002 3611 prima
1023 3548 1126 3610 eaque
1141 3528 1348 3596 brevissima
1369 3549 1445 3595 ano-

213 3610 308 3696 nymi
332 3612 385 3694 (B.
407 3611 452 3675 H.
474 3610 536 3689 W)
560 3609 600 3675 de
621 3613 729 3695 operis
750 3612 913 3692 instituto,
936 3613 1039 3679 ultera
1060 3613 1170 3695 Fellii,
1192 3615 1291 3682 tertia
1308 3617 1351 3682 A.
1369 3615 1445 3681 Hm.

213 3697 358 3764 Frankii
379 3696 524 3781 theologi
545 3697 703 3764 Halensis
724 3698 854 3782 longior
872 3697 930 3764 sed
950 3700 1062 3765 minus
1083 3701 1196 3768 oritioa
1211 3722 1313 3788 quom
1332 3723 1446 3786 parae-

213 3785 331 3850 netioa.
376 3784 554 3850 Leetiones
577 3784 745 3850 variantes
767 3785 918 3868 pristinis
941 3787 1008 3852 suis
1030 3788 1146 3854 eastris
1168 3788 1203 3854 in
1224 3789 1377 3873 margine
1396 3788 1445 3854 in·

211 3871 331 3938 feriore
371 3871 602 3937 restituuntur.
658 3871 784 3938 Textus
823 3893 883 3954 por
922 3870 1016 3938 binas
1047 3872 1219 3940 eolnmnas
1255 3875 1445 3960 desoriptus

212 3957 318 4024 Plura
338 3956 414 4022 vide
437 3957 524 4041 apud
546 3955 737 4023 Knoohium
759 3978 832 4041 pag.
862 3961 932 4023 466.
977 3958 1142 4026 Lorolrius
1166 3961 1204 4026 in
1231 3960 1391 4047 Oatalogo
1416 3983 1446 4046 p.

217 4049 257 4107 85
279 4065 314 4109 se
333 4043 397 4109 duo
416 4043 617 4126 exemplaria
634 4043 756 4110 habere
778 4042 857 4110 dioit
876 4043 914 4108 in
937 4065 1076 4128 quorum
1098 4046 1202 4112 altero
1219 4046 1339 4115 titulus
1355 4068 1448 4133 prae·

78 4132 81 4137 ’
213 4131 373 4198 lotionem
394 4129 555 4195 Franolrii
572 4130 743 4214 promittit,
767 4130 861 4214 quale
879 4138 912 4196 et
934 4152 1044 4197 meum
1063 4138 1121 4212 ost,
1144 4133 1288 4199 alterum
1307 4154 1390 4202 voro
1406 4130 1447 4199 de

213 4217 328 4285 eadem
346 4223 443 4297 taoet,
465 4221 621 4281 neutrum
643 4224 762 4295 autem,
787 4215 873 4300 quod
895 4238 974 4284 sane
990 4216 1189 4301 mirandum,
1204 4241 1286 4287 -eam
1303 4221 1449 4288 exhibet

213 4305 456 4371 Reimmannus
483 4303 518 4367 in
547 4324 607 4367 suo
630 4303 778 4388 eatelogo
808 4324 839 4387 p.
871 4307 932 4366 238
961 4304 1074 4370 sor-ibit
1100 4304 1289 4374 Frankium
1315 4315 1451 4393 propter

213 4390 300 4458 hano
331 4389 507 4455 editionem
535 4386 770 4455 Sooinianismi
796 4389 1024 4457 insimulatum
1054 4391 1156 4460 fuisse
1188 4394 1229 4460 ab
1258 4392 1452 4462 orthodoxis

214 4478 423 4560 piotistarum
450 4474 736 4555 obtreotatoribus,
766 4476 890 4543 soilioet
910 4477 946 4542 in
968 4476 1137 4544 variarum
1158 4479 1340 4548 leetionum
1358 4481 1478 4570 eopia,

214 4565 285 4629 eius
306 4563 455 4631 oriminis
475 4583 591 4628 oausas
613 4561 707 4628 faeile
728 4564 976 4646 reperientibus.
1019 4562 1064 4628 In
1083 4572 1179 4634 textu
1194 4565 1352 4633 Folliano
1369 4567 1455 4635 nibil

207 4655 386 4715 mutatum.
