3000 5024
214 215 254 278 30
743 213 859 269 cAPcr
876 213 913 268 Π.
1423 216 1450 272 U

297 381 365 449 Sed
387 388 421 447 et
442 382 524 447 aliae
547 383 726 450 nonnullae
753 393 885 452 exstant
907 387 961 453 hic
982 387 1137 453 lectiones
1159 387 1311 472 deinceps
1333 408 1447 457 serva-

211 477 265 535 tae
285 491 345 553 pro
368 467 483 551 quibus
505 469 540 533 in
561 470 669 553 prima
690 469 832 537 editione
855 480 964 540 textus
986 475 1177 541 Erasmicus
1199 473 1330 541 easdem
1348 475 1447 542 exbi-

211 557 328 622 buerat
352 564 449 639 atque
471 554 730 639 Complutensis:

452 698 554 771 compr.
572 701 685 754 aaa.
707 703 732 755 J.
1127 707 1256 764 ..arasa
1272 708 1315 761 Π.

208 797 242 853 Π.
260 797 284 850 (l.
320 794 344 849 6.
364 794 440 862 (351))
458 795 578 849 313164
605 796 647 849 21.
666 790 689 851 (l.
707 794 730 848 l..
749 794 865 863 ἔγχεται
882 798 980 853 GMKS
1032 800 1096 855 (1.3,
1115 806 1222 853 καίεται

323 865 346 919 7.
364 863 545 948 (351)‚ldarc.
567 836 663 952 ‘sum'
688 863 719 915 ἓν
742 868 807 934 ποιᾷ
829 882 893 936 παρ.
916 882 980 935 παρ.
1332 932 1341 951 ,

320 1002 344 1056 8.
364 933 665 1070 (dbglnllyarllllffiffl.
685 1002 734 1059 ἕως
751 1000 933 1074 προσεύξομαι
951 1005 981 1058 Μ
1034 936 1348 1080 {liezilisllgcvlliquml

320 1071 344 1124 9.
365 1070 442 1138 (353)
462 1071 528 1126 Luc.
545 1071 587 1137 23,
605 1070 629 1123 6.
647 1069 827 1136 γαλιλαίαν**
1032 1075 1173 1144 γαλιλαίας

305 1140 345 1195 10.
364 1138 442 1207 (354)
460 1140 499 1195 Io.
517 1140 542 1200 8,
561 1140 602 1195 59.
621 1141 682 1195 add.
701 1139 823 1191 διελθών
833 1138 882 1192 daci
897 1144 982 1211 μέσου

415 1203 440 1263 οἶ,
458 1224 482 1263 κ.
501 1211 623 1278 παρῆγεν
641 1209 725 1266 οὕτως
743 1210 790 1264 MS
801 1212 891 1279 (11111)
1035 1216 1111 1269 om*

303 1279 343 1332 ll.
362 1276 441 1347 (355)
458 1279 499 1332 Ιο.
517 1277 542 1346 9,
560 1278 586 1331 8.
606 1277 707 1347 τυφλὰς
725 1280 754 1332 Μ
1033 1280 1144 1350 malda

260 1363 283 1403 e.
302 1347 344 1400 12.
364 1346 443 1412 (356)
461 1348 526 1402 Luc.
546 1349 568 1413 1,
586 1346 629 1403 35.
646 1344 820 1415 γεννώμενον
829 1346 859 1398 ἔκ
877 1360 926 1399 σου
945 1348 980 1401 Τ1
1033 1368 1087 1408 om.
1106 1350 1136 1402 ἔκ
1150 1351 1220 1403 σου*
1238 1353 1288 1419 (L)

307 1417 349 1474 13.
367 1414 448 1484 (357)
466 1415 490 1469 2.
501 1416 563 1472 (lor.
571 1416 595 1481 1,
609 1418 634 1470 6.
652 1418 703 1471 hoc
714 1417 818 1471 ordine:
837 1419 884 1479 τῆς
894 1417 980 1484 incy.
1032 1422 1085 1475 hoc
1103 1420 1209 1475 ordine:
1226 1423 1274 1485 τῆς
1285 1418 1388 1491 krapy..
1399 1460 1407 1474 .
1418 1460 1442 1476 ,,

418 1485 527 1537 ...ani
545 1481 559 1550 ἦ
577 1484 959 1556 ἐλπὶς....ε7τεπαρακολ...
1050 1490 1106 1540 εἴτε
1138 1489 1338 1558 παροκαλ....
1357 1493 1405 1542 καὶ
1434 1488 1449 1555 ἡ

414 1554 512 1609 MSLT
1052 1555 1186 1614 atra..-

302 1625 346 1677 14.
367 1620 444 1689 (358)
463 1624 523 1678 Act.
544 1622 583 1693 17,
601 1623 642 1676 26.
660 1623 884 1692 προστεταγμ.“
1032 1632 1267 1697 προτεταγμένους

259 1694 278 1748 f.
304 1691 344 1746 15.
364 1691 442 1759 (359)
463 1693 486 1746 1.
507 1693 573 1746 Tim.
592 1694 616 1757 6,
634 1691 659 1746 5.
680 1692 936 1762 διαπαρατριβο1**
1033 1695 1247 1767 παραδιατριβαὶ

213 1764 216 1769 “
304 1761 344 1816 16.
364 1760 444 1828 (360)
465 1766 526 1816 Act.
544 1761 569 1828 3,
586 1761 610 1815 3.
629 1778 679 1817 om.
697 1759 790 1831 λαβεῖν
808 1763 836 1816 Μ
1033 1766 1115 1819 add*

307 1831 347 1885 17.
367 1831 442 1898 (361)
460 1830 536 1884 Rom.
556 1830 580 1897 2,
600 1829 625 1884 5.
651 1824 846 1895 α’ποκαλύψεως
862 1833 908 1882 καὶ
925 1833 980 1886 ΜΚ
1033 1851 1084 1888 om.
1102 1834 1147 1885 καὶ
1165 1834 1256 1889 GSLT

306 1900 345 1953 18.
366 1899 445 1966 (362)
464 1900 562 1955 Mattb.
570 1901 596 1966 4,
606 1899 649 1955 10.
663 1900 723 1954 add.
734 1895 820 1951 ὀπίσω
833 1899 921 1971 μουμ
931 1901 979 1970 (Ι.)
1000 1938 1002 1961 .
1033 1918 1083 1957 om.

260 1989 284 2039 g.
302 1970 343 2023 19.
362 1969 440 2036 (363)
459 1969 520 2024 Act.
537 1969 563 2034 5,
581 1967 624 2021 36.
643 1965 812 2037 προσεκλήθη
831 1971 873 2025 M²
1000 1966 1003 2035 l
1032 1967 1234 2041 προοεκολλήθο
1246 1973 1289 2027 GS

260 2042 288 2097 h.
306 2039 348 2094 20.
369 2039 447 2106 (364)
466 2039 524 2093 Iac.
541 2037 566 2106 4,
585 2037 609 2090 2.
629 2035 759 2107 φονεύετε
767 2035 794 2062 ⁸*
950 2070 954 2075 -
999 2039 1002 2141 Ι
1032 2044 1164 2109 φθονεῖτε

294 2196 368 2260 Ηοο
401 2196 469 2259 fere
499 2199 577 2258 sunt
595 2195 792 2258 mutationes
811 2194 945 2258 maioris
963 2196 1120 2260 momenti
1143 2217 1224 2279 quas
1241 2197 1277 2260 in
1299 2197 1447 2264 secunda

208 2281 353 2347 editione
375 2279 548 2345 Erasmics
569 2280 752 2344 observavi.
798 2279 889 2360 Quas
917 2280 945 2344 si
967 2280 1114 2365 singulas
1142 2281 1361 2347 recentiorum
1388 2305 1445 2349 ar-

206 2368 305 2433 bitrio
322 2366 522 2450 permiseris,
545 2361 658 2430 teitus
679 2365 733 2430 hic
755 2366 865 2448 priore
883 2366 980 2430 etiam
1001 2368 1136 2432 inferior
1152 2367 1328 2434 videbitur.
1359 2368 1445 2435 an-

208 2463 315 2519 terum
345 2453 382 2517 in
404 2452 456 2516 his
478 2450 673 2516 lectionibus
696 2462 819 2534 septem
848 2460 927 2516 sunt
956 2453 1049 2538 (Um)
1078 2455 1269 2522 Erasmicae
1297 2455 1446 2522 familiae

207 2540 358 2625 propriae
380 2546 414 2604 et
435 2539 496 2603 hoc
518 2538 649 2603 nomine
671 2559 770 2620 supra
791 2537 936 2603 laudatis
954 2538 1129 2605 addendae.
1300 2548 1306 2555 “

428 2751 480 2808 a*
498 2748 713 2808 nicanora
731 2767 776 2823 aa.
803 2751 897 2805 rusa
915 2752 1053 2808 naua.
1078 2748 1165 2808 1521.
1186 2752 1214 2809 4.

292 2883 523 2951 Praemittitur
544 2883 703 2966 praefatio
725 2883 796 2948 Nic.
821 2883 971 2950 Gerbelii
991 2884 1066 2950 IOti
1087 2885 1286 2952 Phorcensis
1309 2885 1350 2951 de
1376 2908 1443 2970 quo

205 2971 326 3042 videsis
347 2979 479 3055 praeter
505 2971 679 3052 scriptores
701 2970 858 3035 historiae
885 2971 1126 3038 reformationis
1147 2975 1443 3057 Argentoratensis

206 3063 293 3145 Aug.
316 3057 498 3124 Liebriohii
518 3056 667 3122 libellum
688 3056 887 3139 peculiarem
905 3059 984 3141 Arg.
1012 3062 1092 3121 1857
1116 3058 1248 3124 editum.
1291 3059 1345 3125 De
1367 3060 1444 3144 ipsa

205 3148 267 3213 hac
290 3145 434 3212 editione
455 3146 496 3210 N.
519 3144 555 3207 Τ.
573 3152 643 3208 tam
666 3143 811 3208 raritatis
833 3165 932 3226 quam
960 3146 1177 3226 praestantiae
1205 3146 1340 3212 nomine
1366 3146 1444 3229 plus

203 3235 291 3300 iusto
321 3232 456 3297 laudata
482 3232 521 3298 of.
550 3229 665 3314 Vogtii
691 3228 784 3295 catal.
813 3228 884 3293 libr.
913 3251 976 3294 rar.
1006 3252 1037 3313 p.
1068 3235 1138 3296 661.
1188 3232 1445 3317 Baumgartenii

204 3320 325 3386 Nachr.
348 3319 375 3383 Ι.
407 3320 477 3382 193.
521 3316 608 3381 Bibl.
631 3315 943 3380 Reimmannianam
970 3338 1000 3398 p.
1032 3320 1103 3381 217.
1153 3318 1346 3384 Knoohium
1374 3319 1442 3385 ll

229 3458 236 3471 .
265 3410 338 3470 295.
391 3403 509 3470 Goeaii
536 3401 633 3465 Vera.
661 3422 693 3484 p.
726 3403 775 3466 37.
821 3401 1000 3467 Unsahuld.
1030 3403 1151 3468 Nachr.
1184 3409 1275 3469 1742.
1303 3426 1336 3488 p.
1368 3410 1442 3471 517.

203 3428 273 3574 Elui
293 3512 407 3557 omnes
430 3489 587 3553 eximiam
607 3487 685 3553 libri
705 3488 877 3552 raritatem
895 3488 1058 3553 extollunt
1084 3490 1178 3555 ouius
1204 3491 1263 3557 vix
1288 3498 1362 3557 octo
1381 3513 1441 3557 ex-

204 3579 363 3662 emplaria
385 3582 526 3641 aetatem
548 3572 665 3638 tulisse
687 3575 847 3638 feruntur.
892 3575 943 3639 au
966 3595 1043 3641 vero
1065 3597 1145 3642 cave
1165 3575 1287 3642 talibus
1308 3575 1370 3642 tibi
1389 3579 1442 3643 lu-

203 3686 279 3731 cum
300 3664 373 3728 fieri
395 3662 541 3745 patiaris.
586 3659 868 3742 Frequentissime
890 3661 979 3724 enim
1005 3665 1183 3727 occurrunt
1205 3665 1441 3745 quaerentibus

202 3752 239 3817 in
255 3749 463 3817 bibliothecis
481 3753 548 3812 tam
572 3745 712 3829 publicis
734 3765 833 3828 quarn
851 3747 998 3829 privatis,
1021 3769 1125 3831 neque
1147 3748 1269 3821 desunt
1290 3748 1440 3817 emenda.

290 3834 505 3920 singularem
526 3834 647 3897 famam
673 3833 862 3898 consiliavit
888 3833 965 3899 huia
987 3833 1123 3898 editioni
1151 3836 1297 3902 virorum
1327 3835 1441 3904 docto-

202 3946 278 3991 rum
300 3920 483 4005 disquisitio
501 3919 542 3984 de
560 3917 669 3985 codice
686 3939 801 4002 graeco
821 3940 884 4002 quo
906 3920 947 3984 V.
971 3919 1006 3986 S.
1028 3921 1200 3986 Lutherus
1221 3922 1256 3986 in
1279 3922 1440 3989 vertendo

202 4011 244 4078 N.
265 4011 304 4075 'a
326 4029 406 4074 usus
427 4007 535 4071 fuerit.
561 4004 656 4085 -Qua
677 4005 717 4070 de
740 4026 776 4070 re
798 4004 922 4071 doctius
944 4028 1042 4088 quam
1063 4006 1204 4073 lucidius
1226 4007 1441 4091 disputarunt

202 4098 275 4164 Pet.
299 4095 362 4160 Ad.
385 4093 579 4179 Boysenius,
603 4090 643 4156 de
664 4091 733 4158 eod.
756 4113 804 4175 gr.
827 4093 969 4157 Lutheri
986 4093 1026 4158 L.
1053 4097 1133 4158 1723
1140 4118 1149 4174 ;
1183 4095 1260 4160 rob.
1283 4096 1438 4160 Eckhar-

202 4183 264 4249 dus
286 4181 326 4246 de
346 4180 462 4246 eodem
479 4178 596 4260 Quedl.
624 4181 720 4256 1723;
741 4177 768 4242 Ι.
792 4177 833 4243 G.
856 4178 1006 4245 Palmius
1029 4179 1069 4244 de
1087 4180 1177 4246 codd.
1196 4181 1438 4248 Ιοο11ι.Ηοο]1).

204 4273 295 4334 1735.
319 4290 351 4352 p.
371 4269 411 4331 47
442 4287 502 4332 ss:
529 4265 557 4331 I.
585 4265 624 4329 F.
652 4263 858 4345 Eckhardus,
886 4267 942 4329 An
968 4265 1036 4331 cod.
1067 4266 1255 4351 gerbeliano
1283 4288 1366 4334 usus
1393 4268 1438 4333 sit

199 4353 390 4422 Lutherus?
435 4353 521 4418 Isen.
549 4355 639 4415 1762.

287 4439 445 4525 Sequitur
475 4437 649 4505 Gerbelius
676 4437 808 4502 Erasini
836 4436 1015 4504 secundam
1022 4463 1030 4520 ;
1063 4440 1181 4523 quibus
1212 4440 1302 4505 enim
1326 4439 1368 4506 ab
1396 4462 1437 4508 ea

199 4528 339 4596 discedit
355 4528 423 4592 fere
442 4526 524 4594 vitia
545 4532 631 4604 sunt,
654 4524 765 4607 paucis
788 4524 934 4608 exceptis
960 4523 1016 4589 ubi
1038 4526 1091 4593 vel
1118 4527 1263 4610 priorem
1283 4527 1435 4593 Erasmi-

199 4637 271 4690 cam
293 4615 345 4685 vel
367 4613 524 4681 Aldinam
550 4612 733 4698 inspexisse
755 4611 893 4680 videtur.
937 4612 1036 4682 Hane
1065 4621 1153 4682 certe
1175 4614 1210 4680 in
1238 4613 1328 4683 coloe
1355 4614 1435 4685 libri
