3000 5024
86 262 124 323 W
380 260 580 320 uumerus
596 260 1021 323 uassuesruausmcsn.
1279 268 1319 330 69

111 529 187 591 111.1
229 525 424 589 Bhenanus
441 546 475 587 ea
492 530 608 601 officina
625 529 844 674 sssrggapcssriona
856 544 910 603 per
928 531 1125 589 Lembordam
1143 531 1293 589 05555555.

171 767 266 834 Haec
288 766 387 834 editio
408 767 445 832 in
463 773 533 832 5555
554 766 616 831 hac
638 766 763 831 familia
784 766 855 832 sols
876 775 928 833 est
955 788 1038 850 quae
1066 771 1196 832 textum
1224 787 1320 850 grae-

84 875 162 922 cum
184 854 307 937 absque
329 853 481 921 versione
503 851 636 917 exhibet
663 852 753 936 typis
781 853 892 936 paullo
919 851 1095 918 maioribus
1118 874 1319 935 expressum,

84 941 156 1007 sola
176 960 307 1023 quoque
329 960 412 1024 quae
433 938 672 1005 versiculorum
690 937 932 1005 distinctionem
954 945 988 1004 et
1009 960 1163 1005 numeros
1185 939 1317 1023 aceepit.
1342 998 1345 1003 .

83 1027 172 1093 Item
194 1027 303 1110 prima
323 1027 469 1091 omnium
489 1031 538 1091 est
561 1046 643 1107 quae
665 1030 792 1089 textum
809 1026 844 1089 in
862 1027 948 1091 binis
966 1025 1128 1092 columnis
1147 1024 1318 1108 disposuit.

83 1111 232 1196 Margini
253 1113 430 1195 inscriptae
458 1117 537 1177 sunt
557 1112 670 1176 variae
692 1110 847 1177 lectiones
876 1112 1006 1178 551555
1035 1110 1204 1196 parallela.
1249 1113 1319 1177 Ex-

84 1199 212 1283 emplnr
233 1219 344 1263 meum
365 1198 401 1261 in
421 1197 527 1262 fronte
549 1197 637 1280 gerit
657 1217 778 1262 nomen
799 1197 845 1262 Io.
870 1196 1026 1263 Sauberti
1048 1197 1192 1281 theologi
1214 1218 1319 1281 quon-

84 1284 162 1351 dam
184 1281 274 1367 apud
294 1281 554 1350 Brunsvicenses
576 1282 750 1349 clarissimi
771 1281 965 1367 αὐτόγραφον.

171 1370 283 1436 11515111
306 1376 419 1435 textus
441 1390 507 1434 non
529 1369 627 1452 plane
654 1369 800 1435 intactus
822 1371 946 1433 mansit
973 1369 1030 1435 sed
1060 1370 1095 1434 in
1123 1370 1194 1453 ipso
1223 1369 1319 1436 titulo

83 1457 147 1523 sub
175 1456 361 1522 Aristarchi
394 1456 507 1521 limam
538 1464 711 1521 revocatus
741 1454 869 1521 dicitur.
920 1454 1085 1536 Quisnam
1113 1464 1223 1521 autem
1255 1456 1320 1522 iste

82 1541 185 1608 fuerit
206 1542 394 1626 ambigitur.
428 1541 575 1606 Maxime
596 1540 750 1608 convenit
772 1563 847 1607 cum
865 1540 914 1606 ed.
935 1563 963 1606 a.
981 1546 1073 1621 1570,
1091 1542 1191 1608 115555
1208 1549 1320 1607 tamen

83 1627 262 1695 nonnullas
284 1627 366 1694 alias
388 1628 542 1694 lectiones
566 1627 700 1703 (Matth.
722 1632 771 1706 11,
797 1633 824 1692 7.
850 1627 1169 1706 15555555511515.
1195 1633 1243 1708 14,
1269 1633 1319 1691 15.

83 1713 223 1796 5155155511,
244 1714 286 1779 ib.
310 1736 340 1780 v.
365 1717 415 1778 32.
437 1712 663 1796 προσεύξωμαι,
685 1714 758 1779 Α55.
783 1715 832 1793 14,
857 1712 1101 1797 1155151155,
1127 1713 1246 1780 1.(151.
1270 1719 1318 1795 15,

84 1804 136 1866 33.
159 1799 283 1884 χρῆσθ’,
308 1802 336 1865 2.
361 1799 434 1866 Cer.
460 1803 489 1879 2,
512 1805 540 1864 3.
564 1801 636 1880 ἔχω,
662 1800 803 1865 1.Ρ551.
830 1806 856 1878 1,
881 1805 909 1864 8.
932 1799 1096 1884 ἀκάρπους,
1127 1801 1190 1883 Ap.
1217 1805 1244 1879 6,
1271 1806 1317 1865 11.

80 1884 360 1965 emaceratos)
379 1906 519 1968 querum
535 1885 647 1969 plures
666 1885 743 1951 hinc
762 1884 839 1951 inde
856 1887 892 1950 in
903 1887 1166 1972 Brylingerianis
1185 1906 1318 1970 graeco-

80 1971 198 2039 latinis
219 1973 417 2051 invenimus,
440 1993 524 2054 quae
546 1979 657 2037 tamen
680 1992 794 2036 omnes
817 1973 857 2038 ab
878 1972 1003 2037 editore
1022 1970 1175 2037 facillime
1194 1994 1236 2036 511
1253 1993 1320 2037 una

80 2056 231 2126 eiusdem
252 2059 401 2124 officinae
423 2058 567 2122 editione
587 2079 677 2122 mere
698 2078 815 2141 graeca
837 2059 916 2123 anni
942 2061 1022 2119 1563
1055 2056 1151 2140 (Oap.
1178 2056 1219 2121 V.
1244 2061 1259 2142 5
1304 2065 1318 2135 )

80 2145 151 2211 huo
178 2144 351 2210 transferri
377 2150 538 2227 poteraut.
586 2142 731 2227 Corrigit
760 2144 858 2208 etiam
888 2144 970 2208 vitia
996 2144 1117 2209 Matth.
1149 2146 1199 2222 27,
1229 2148 1257 2208 9.
1286 2151 1319 2208 55

79 2232 304 2310 Β511111,6;
331 2230 414 2297 Luc.
444 2235 471 2307 1,
496 2234 545 2294 35.
570 2228 657 2295 15115
679 2228 720 2294 ad
737 2232 764 2312 β.
790 2233 814 2292 l.
845 2229 986 2295 Philem.
1011 2236 1039 2295 7.
1063 2229 1202 2295 assumit
1223 2228 1319 2314 χαρὰν

80 2317 160 2383 olim
183 2315 468 2399 Oomplutensium
489 2338 578 2382 nunc
600 2316 778 2395 Beronum,
802 2315 941 2398 denique
969 2323 993 2381 1.
1017 2316 1105 2381 Ρ551,
1132 2322 1160 2396 3,
1186 2320 1236 2381 11.
1260 2338 1319 2382 511-

81 2409 149 2470 stet
169 2402 266 2469 155515
288 2403 388 2485 plane
409 2401 586 2485 singularis
614 2400 631 2465 ὁ
653 2405 704 2464 καὶ
726 2399 808 2482 ὑμᾶς
830 2400 894 2467 α’ντ.
918 2403 970 2465 νῦν
998 2402 1094 2469 115115
1123 2400 1320 2486 quibusdam

80 2489 229 2575 probate.
274 2487 333 2568 (Sl
352 2487 400 2554 Ul
419 2487 496 2565 X0·)

238 2716 313 2774 193
354 2712 549 2775 BASILEAE
567 2732 602 2774 55
618 2717 733 2787 officina
751 2718 854 2774 Leonb.
873 2717 986 2773 Ostendi.
1020 2716 1110 2774 1588.
1140 2717 1168 2774 8.

171 2884 299 2952 (115555
321 2890 356 2950 55
374 2883 483 2961 latine,
506 2882 744 2951 versiculorum
763 2884 911 2949 numeris
928 2884 1031 2949 latino
1049 2884 1155 2948 textui
1172 2885 1316 2951 insertis.

80 2969 171 3059 Typi
190 2978 321 3038 veteres
343 2976 376 3036 ot
400 2970 604 3035 miserabiles
625 2970 818 3054 Brylingeri
846 2971 940 3036 euius
969 2970 1134 3036 officinam
1156 2968 1316 3037 Ostenius

79 3050 302 3127 haereditario
323 3057 396 3122 iure
416 3056 567 3140 possedit.
613 3056 780 3122 Numerus
801 3057 997 3206 pezinarum
1018 3076 1085 3120 non
1107 3055 1196 3120 idem
1218 3062 1317 3140 atque

79 3145 121 3211 in
140 3143 297 3217 omnibus
319 3143 489 3224 hucusque
516 3142 687 3210 recensitis
716 3142 851 3207 editioni
874 3163 914 3207 us
943 3142 1189 3227 graeco-latinis
1218 3142 1316 3208 huius

80 3228 227 3297 familiae
264 3235 298 3294 55
329 3228 604 3312 Brylingerianae
643 3229 778 3311 primae.
833 3228 1065 3293 Praemittitur
1104 3227 1317 3313 chronologia

79 3316 125 3385 N.
137 3316 185 3397 ’11,
207 3313 544 3399 praefatioVincentii
560 3315 667 3380 Pralli
684 3314 949 3399 Hemburgensis
972 3321 1005 3380 et
1023 3313 1181 3400 Symbola
1203 3322 1317 3382 vetera
1367 3387 1371 3394 ,

79 3402 160 3471 fidei
180 3400 388 3467 christianae.

168 3488 293 3554 'Pextus
321 3509 339 3552 5
364 3485 574 3571 praecedenti
604 3486 798 3570 desumptus
831 3491 972 3570 quatuor
998 3486 1079 3553 locis
1109 3489 1253 3572 exeeptis
1280 3487 1316 3553 in

103 3574 201 3642 uibus
228 3579 357 3641 veteres
385 3573 541 3639 lectiones
564 3572 837 3660 Brylingerianao
866 3579 1057 3641 serventur:
1092 3577 1135 3657 (fl.
1162 3581 1175 3636 1
1202 3581 1235 3640 et
1256 3575 1313 3639 Er.

80 3596 124 3744 b.
150 3663 220 3728 555.
244 3659 280 3728 s.
306 3663 377 3726 aar.
400 3660 441 3726 1,.
466 3661 553 3737 551).

268 3885 317 3947 ro.
360 3885 640 3949 5515555555
657 3906 703 3962 ap.
721 3890 806 3946 555.
824 3889 952 3945 ratam
984 3887 1074 3948 1596.
1105 3888 1132 3946 e.

168 4056 266 4125 Hanc
283 4077 410 4141 quoque
428 4057 699 4142 graeco-latinam
711 4054 939 4139 stuttgardiae
960 4062 1125 4140 repertam
1143 4062 1177 4122 et
1194 4058 1315 4123 cursim

78 4145 265 4229 inspectam
297 4141 339 4209 ad
371 4143 402 4210 B
442 4142 642 4227 lingerianas
675 4143 840 4226 pertinere
873 4142 942 4210 vidi
981 4165 1121 4226 quarum
1158 4143 1314 4210 lectiones

78 4229 265 4316 peculiams
287 4249 401 4295 omnes
447 4229 531 4308 abet,
554 4230 635 4294 vitia
656 4250 734 4295 vero
757 4227 918 4296 emendat.
962 4229 1085 4295 Notavi
1113 4237 1225 4295 tamen
1254 4230 1314 4294 ali·

79 4323 163 4402 quot
182 4317 351 4386 variantes
373 4315 415 4382 ab
436 4315 494 4380 illa
516 4315 641 4380 familia
663 4315 801 4381 alienas:
825 4317 887 4399 Ap.
915 4320 962 4396 14,
988 4320 1015 4380 5.
1040 4316 1085 4396 (J.
1108 4315 1183 4401 182)
1205 4314 1314 4400 ψεῦδος

80 4400 169 4488 quod
200 4407 331 4487 praeter
357 4401 609 4485 Complutenses
641 4401 749 4467 adhuc
781 4422 878 4467 nemo
911 4410 1079 4486 receperat
1086 4426 1094 4483 ;
1128 4403 1193 4466 Iao.
1224 4407 1253 4481 4,
1284 4407 1311 4468 6.

80 4488 140 4572 (Q
165 4490 243 4567 297)
272 4487 328 4555 ubi
356 4509 471 4556 omnes
493 4487 740 4573 Brylingeriani
767 4487 845 4553 libri
866 4490 997 4554 Erasini
1025 4488 1175 4574 sphalma
1201 4510 1312 4556 serva-

79 4575 360 4658 vernemetis
385 4576 436 4656 14,
460 4579 508 4641 15.
531 4572 625 4656 ἑστὸς,
647 4571 733 4657 quod
754 4571 854 4640 iidem
879 4575 957 4641 inde
979 4576 1020 4642 ab
1042 4596 1069 4642 a.
1097 4579 1174 4638 1553
1204 4580 1313 4642 muta·

80 4668 207 4731 verant.
297 4718 304 4727 ,
