3000 5024
64 241 94 299 X
336 236 531 299 eumenes
549 233 1034 296 sinistro-nmmum.
1238 243 1297 305 157

63 433 131 497 qua
152 412 207 481 ria
228 432 288 480 666
310 433 331 495 6
352 433 416 497 quo
438 410 586 492 missum,
610 411 663 477 eui
680 408 821 498 ἀγνώστῳ
840 410 976 497 εὐεργέτῃ
999 411 1150 480 hocloco
1173 411 1299 478 debitas

62 499 199 584 gratias,
226 520 328 584 quum
349 499 446 567 aliter
472 520 539 564 non
561 498 699 582 possim,
727 499 945 564 libentissime
971 500 1129 582 persolvo.
1174 499 1298 564 Textus

61 585 238 653 Millianus
255 594 314 666 est,
336 585 422 670 quod
443 585 516 668 ipsa
532 584 655 651 fatetur
677 585 843 669 praefatio,
867 607 932 651 uno
949 585 1020 652 looo
1038 591 1172 671 excepto
1190 590 1229 666 (ξ.
1244 590 1299 662 31)

61 672 124 739 ubi
142 672 240 739 166116
261 664 476 740 Elaeviriana
498 669 718 756 Stephanicae
739 673 932 756 praefertur.

253 881 303 942 80.
346 882 564 953 LONDOM
591 884 632 943 W.
650 885 762 941 Parlcer
779 888 839 941 aad
860 885 924 941 Soa.
957 884 1045 942 1855.
1077 885 1104 942 8.

148 1017 260 1084 Huius
293 1017 445 1083 editionis
473 1038 540 1081 non
568 1017 632 1082 nisi
662 1018 806 1100 primum
838 1025 963 1083 tomum
991 1017 1062 1082 vidi
1088 1019 1298 1084 Franoofurti

60 1102 151 1188 apud
172 1104 331 1171 Baerium
352 1102 559 1185 bibliopolam
582 1125 687 1187 neque
710 1105 749 1169 ab
773 1125 810 1169 eo
832 1102 1060 1170 redimendum
1082 1105 1204 1188 putavi,
1235 1105 1297 1177 im-

59 1191 244 1275 perfectum
265 1191 435 1274 exemplar
456 1189 648 1273 suspicatus.
684 1189 881 1256 Oontinebat
903 1191 933 1256 is
954 1191 1139 1276 Evangelia
1161 1199 1194 1256 et
1215 1199 1296 1258 acta.

59 1276 159 1344 Alter
180 1296 225 1343 an
246 1285 354 1343 exstet
376 1276 495 1342 neseio.
539 1277 779 1342 Annotationes
801 1278 1032 1360 grammaticas
1060 1284 1093 1342 et
1113 1277 1298 1363 exegeticas

60 1363 255 1430 adiecerunt
274 1363 331 1429 W.
353 1362 509 1428 Webster
537 1369 570 1427 et
590 1362 648 1428 W.
671 1364 710 1428 F.
733 1363 935 1430 Wilkinson.
980 1365 1104 1431 [lentus
1125 1365 1298 1430 Millianus

60 1457 115 1600 aeg
140 1472 211 1554 exo.
239 1455 265 1530 ξ.
296 1453 323 1515 1.
355 1454 383 1514 3.
411 1487 451 1497 -
479 1448 527 1514 Io.
561 1452 614 1528 18,
646 1454 671 1510 1.
700 1449 855 1516 scribitur
881 1472 956 1517 cum
984 1451 1221 1518 recentioribus
1249 1452 1299 1513 τοῦ

60 1561 94 1601 rr
114 1560 187 1624 ρων.

408 1798 423 1880 r
449 1801 475 1861 r.
520 1792 682 1862 661616
705 1793 957 1862 sarracon.

142 2007 219 2066 81.*
260 2005 417 2064 LIPSIAE
438 2009 571 2064 sumtibus
586 2009 736 2064 haeredum
754 2009 1012 2064 Loaclcirionorrca.
1043 2008 1132 2066 1713.
1153 2009 1209 2078 sol.

199 2094 219 2131 ⁴*
260 2094 415 2152 melna
436 2096 569 2151 66616166
584 2096 734 2152 haeredum
751 2096 1009 2152 Lambbiaoorum.
1044 2095 1132 2153 1747.
1160 2097 1211 2163 fol.

148 2227 282 2294 ’.1116166
302 2227 380 2293 libri
401 2228 456 2293 hic
477 2234 541 2295 est:
575 2228 684 2295 Biblia
705 2250 798 2296 sacra
825 2226 1068 2313 quadrilingnia
1089 2228 1130 2294 N.
1154 2229 1190 2294 d.
1221 2234 1295 2294 6611.

64 2336 141 2383 cura
162 2322 196 2381 et
216 2314 326 2381 studio
347 2313 425 2379 Ohr.
449 2315 617 2382 Reineceii
639 2315 751 2381 Theol.
774 2316 871 2381 Bacc.
896 2318 943 2398 (et
953 2315 1115 2399 Augustei
1125 2315 1297 2382 Weissen-

64 2401 212 2468 felsensis
239 2400 399 2485 rectoris).
452 2399 546 2484 Opus
572 2400 633 2468 hoe
661 2425 681 2467 a
702 2402 816 2467 multis
838 2401 1009 2467 laudatum
1033 2403 1175 2468 6116166
1198 2401 1297 2468 biblia

63 2488 244 2574 polyglotta
267 2487 397 2552 1616616
423 2489 745 2570 praestantissimum
771 2508 858 2553 anno
890 2493 968 2550 1713
998 2490 1142 2571 primum
1170 2488 1297 2554 editum

64 2576 124 2640 1611
150 2582 186 2639 61
206 2573 339 2640 Veteris
361 2574 566 2640 Testamenti
598 2575 769 2658 impressio
802 2574 916 2640 eodem
950 2580 1095 2658 tempore
1126 2575 1295 2654 inchoata;

63 2659 118 2726 sed
139 2659 273 2725 demum
299 2666 373 2743 post
398 2658 453 2724 lon
478 2681 535 2725 um
560 2661 776 2727 intervallum
803 2667 837 2726 61
864 2681 968 2743 paene
995 2660 1168 2743 desperata
1196 2683 1233 2726 66
1255 2659 1297 2727 61

63 2745 299 2830 perficiendum
319 2744 403 2810 illud
424 2681 599 2830 bibliopola
620 2768 755 2814 manum
778 2746 932 2814 admovit.
977 2748 1063 2812 Tum
1085 2748 1125 2814 N.
1149 2748 1186 2812 Τ.
1210 2769 1297 2814 novo

56 2832 671 2918 111616(1717)66666116116166616
698 2839 772 2918 post
800 2841 893 2901 vetus
921 2833 1046 2901 duobus
1074 2834 1296 2901 voluminibus

62 2920 166 2986 edidit
194 2941 269 2986 cum
298 2918 553 3004 praefationibus
576 2918 643 2986 Sal.
666 2920 839 3007 Deylingii
860 2927 894 2984 61
916 2919 993 2986 Chr.
1017 2919 1108 2986 Frid.
1136 2921 1296 2987 Boerneri

62 3009 284 3090 professorum
298 3004 539 3088 Lipsiensium.
569 3006 656 3093 Ecce
677 3008 759 3073 tomi
780 3007 895 3086 nostri,
918 3006 959 3071 61
981 3013 1110 3073 6661666
1133 3008 1222 3073 enim
1242 3029 1295 3074 res

62 3093 103 3159 V.
126 3093 165 3158 Τ.
188 3113 255 3158 666
275 3091 427 3176 pertinet,
450 3091 630 3176 pleniorem
653 3091 912 3178 descriptionem.
955 3093 1038 3160 Post
1059 3093 1296 3177 praefationem

62 3177 232 3245 Reineceii
249 3187 282 3244 61
293 3178 436 3244 Lutheri
456 3179 688 3265 prolegomena
705 3179 892 3265 germanica
914 3178 1015 3245 habes
1037 3188 1165 3245 textum
1187 3179 1297 3264 quinis

62 3265 223 3332 columnis
235 3264 405 3350 synoptico
423 3264 631 3349 descriptum.
659 3266 702 3332 In
719 3266 853 3333 sinistra
870 3266 991 3350 pagina
1009 3287 1163 3351 graecum
1176 3266 1295 3341 varche-

61 3359 179 3438 typum
199 3351 345 3417 medium
366 3352 454 3417 inter
475 3354 637 3437 syriacam
664 3361 697 3420 et
719 3373 949 3438 neo-graecam
976 3353 1161 3419 versionem
1187 3353 1296 3420 locum

61 3441 195 3518 obtinet,
216 3439 253 3503 in
273 3437 390 3503 dextra
408 3438 483 3504 Seb.
503 3436 664 3506 Schmidii
686 3440 791 3505 latina
812 3447 845 3504 61
865 3439 1007 3505 Lutheri
1028 3440 1217 3524 germanica
1238 3462 1295 3506 ex-

61 3525 235 3606 hibentem
253 3523 448 3609 inmergine
460 3526 623 3591 exteriore
641 3532 798 3592 notantur
816 3526 886 3590 loca
902 3526 1068 3610 parallela,
1087 3527 1123 3592 in
1140 3527 1296 3593 inferiore

60 3611 218 3681 lectiones
245 3631 382 3697 graecae
405 3612 585 3692 variantes,
614 3612 693 3678 item
721 3613 926 3698 germanicae
954 3633 997 3678 ex
1025 3614 1132 3697 prima
1153 3612 1295 3679 Lutheri

61 3699 205 3765 editione
227 3706 261 3764 et
282 3696 427 3764 eiusdem
448 3705 545 3764 notae
567 3699 775 3784 marginales,
802 3700 943 3782 denique
964 3700 1132 3767 Reineceii
1160 3699 1295 3765 adnota-

62 3786 168 3851 tiones
191 3785 368 3852 breviores.
411 3783 453 3849 In
474 3785 562 3851 calce
583 3785 659 3851 libri
681 3787 773 3852 varia
796 3784 1018 3852 additamenta
1041 3788 1153 3852 critica
1181 3794 1214 3851 et
1237 3808 1294 3851 ex-

62 3873 189 3958 egetica
209 3870 360 3954 reperies.
392 3870 496 3936 Plura
517 3871 644 3937 dabunt
666 3872 809 3938 Goezius
831 3893 860 3954 p.
887 3873 958 3952 286,
981 3872 1150 3940 Meschius
1168 3894 1197 3957 p.
1220 3875 1294 3954 381,

62 3958 186 4045 Kappii
206 3959 309 4023 Beitr.
336 3960 415 4019 1752
438 3980 468 4041 p.
494 3961 564 4023 881.

146 4043 191 4109 In
222 4050 316 4110 textu
350 4065 409 4109 666
448 4045 677 4110 constituendo
710 4047 905 4112 Reineccius
944 4067 1179 4130 nonnunquam
1219 4067 1295 4112 cum

64 4131 170 4199 Pritio
192 4130 355 4197 consentit
384 4129 564 4213 (5166161.
590 4137 617 4195 3.
644 4136 670 4195 6.
697 4139 723 4196 9.
752 4139 799 4197 13.
826 4137 872 4196 18.
899 4134 947 4197 17.
973 4138 1041 4212 37),
1070 4132 1127 4197 661
1154 4133 1293 4198 6161166

66 4215 280 4303 stephaniae
308 4217 464 4282 lectiones
490 4216 709 4283 Elzevirianis
735 4220 892 4300 praefert:
931 4224 956 4298 ξ.
988 4227 1014 4283 1.
1045 4225 1074 4284 4.
1103 4222 1130 4284 8.
1161 4221 1210 4282 20.
1243 4223 1292 4285 30.

65 4302 259 4373 liis‘dubius
280 4301 411 4367 haeret:
434 4303 496 4385 Ap.
513 4310 560 4380 ll,
583 4311 608 4367 1.
632 4308 740 4383 (135)
763 4305 818 4371 611
840 4305 1002 4389 glossema
1024 4301 1292 4386 6661616616111,

65 4386 157 4458 Rom.
174 4392 222 4467 11,
244 4395 291 4454 11.
310 4388 367 4454 611
385 4387 467 4454 duas
485 4388 638 4455 lectiones
655 4391 762 4475 iungit
778 4391 893 4456 lectori
910 4391 1067 4458 iudicium
1085 4392 1288 4475 permittens:

60 4487 153 4566 *veo
178 4477 299 4563 [scae]
322 4479 360 4554 lt
388 4478 449 4554 15).
