3000 5024
144 248 167 299 Σ
490 244 685 304 remorans
702 245 1027 306 nacnuaurufflan.
1317 252 1380 318 246

143 438 246 574 32111
267 424 303 487 et
327 419 400 507 ipsa
427 442 470 489 ex
497 420 662 491 eodioibus
684 420 922 507 antiquissimis
943 422 1011 487 iere
1032 422 1110 489 solis
1132 430 1261 490 textum
1283 446 1382 493 snum

181 506 310 575 uvarit.
354 507 530 594 Philippus
558 509 790 581 Buttmannus.
823 513 935 592 pastor
957 508 1192 589 Berolinensis,
1226 511 1318 579 euius
1345 512 1381 579 in

142 592 287 662 munda
315 594 589 663 Laohmanniana
617 593 764 697 paranda
790 600 901 680 partes
930 593 990 659 tibi
1013 615 1113 679 supra
1142 596 1379 679 commendavi,

141 679 212 766 ipse
241 686 360 765 quater
386 681 428 748 N.
451 683 487 750 Τ.
520 684 661 767 propriis
693 682 781 749 euris
807 681 1011 765 recognitum
1042 680 1173 764 prodire
1204 683 1313 764 iussit,
1346 696 1381 751 et

142 765 277 852 quidem
302 764 344 833 ad
369 765 468 834 fidem
495 768 770 853 praestantissimi
799 765 918 834 eodims
939 766 1092 833 Vatioani
1120 790 1323 854 expressum,
1347 776 1381 837 et

142 852 197 921 ubi
229 852 288 921 ille
320 852 429 922 defieit
461 854 502 922 ad
530 855 802 922 Alexandrinum.
852 853 1007 920 Vaticani
1032 860 1162 921 textum
1189 855 1380 941 integritate

142 940 289 1008 meteres
316 962 430 1007 omnes
463 948 634 1025 tantopere
667 961 823 1025 superare
850 960 1045 1022 persuasum
1073 940 1189 1007 habuit
1217 940 1322 1008 editor
1343 950 1381 1009 ut

142 1047 229 1093 unus
250 1026 308 1093 illo
334 1026 438 1094 sodex
470 1026 664 1094 tantundem
686 1028 798 1093 valere
826 1027 856 1091 oi
885 1026 1052 1093 videretur
1079 1035 1238 1111 quantum
1266 1049 1381 1096 omnes

142 1112 198 1180 alii
220 1134 304 1197 quos
325 1112 484 1182 habemus
506 1114 705 1182 ooniunotim
727 1112 897 1180 aestimati.
942 1112 1165 1195 Quamobrem
1188 1114 1258 1180 eins
1280 1117 1382 1184 verba

142 1199 262 1283 ubique
283 1200 317 1265 in
340 1207 434 1267 textu
460 1200 606 1279 retinnit,
628 1201 676 1267 ita
701 1207 740 1266 nt
769 1222 810 1266 ne
833 1220 961 1266 summo
981 1197 1115 1282 quidem
1136 1201 1282 1267 omnium
1304 1200 1381 1269 alio·

142 1305 216 1352 rum
245 1286 381 1352 testium
409 1309 570 1355 eonsensu
602 1287 779 1354 deterritus
815 1286 914 1352 fuerit
946 1305 1011 1369 quo
1043 1285 1154 1353 minus
1186 1285 1221 1352 id
1246 1288 1380 1369 faeeret,

142 1378 239 1456 atque
258 1372 325 1440 illis
352 1379 481 1440 tantum
509 1374 599 1453 loeis,
628 1372 745 1457 qriihus
766 1372 848 1438 aliae
871 1391 986 1438 causae
1008 1393 1106 1454 quam
1129 1394 1172 1438 ex
1194 1373 1265 1439 sola
1287 1380 1380 1440 auto·

142 1459 240 1525 ritate
261 1458 411 1528 oodionm
437 1467 528 1526 ortae
556 1460 729 1528 lectionem
752 1460 935 1526 vatianum
954 1458 1025 1522 sine
1048 1456 1147 1524 dubio
1168 1459 1286 1525 falsam
1308 1481 1379 1528 esse

142 1543 305 1624 deserent,
338 1546 424 1614 hano
451 1547 572 1614 reiecit.
624 1548 749 1612 [textus
778 1545 840 1611 hae
873 1544 945 1628 lege
978 1545 1175 1611 constitutus
1205 1548 1266 1608 264
1299 1546 1380 1614 loeis

142 1652 216 1699 eum
245 1632 454 1701 Elaeviriano
485 1633 573 1713 feeit,
608 1637 665 1695 531
702 1632 781 1697 loeis
809 1651 884 1697 eum
912 1630 1180 1711 Griesbaohiana,
1210 1635 1271 1696 789
1298 1631 1379 1700 loeis

141 1739 216 1785 oum
249 1717 532 1800 Laehmanniano,
563 1724 622 1783 768
650 1718 730 1787 loeis
763 1738 838 1784 aum
866 1715 1157 1782 Tischendorfiano
1190 1716 1254 1802 (ed.
1283 1719 1377 1804 Lips.

142 1802 320 1890 seeundae)
342 1812 375 1871 et
394 1813 527 1872 tantum
550 1811 589 1869 43
616 1806 695 1872 loeis
718 1826 760 1870 ex
781 1809 893 1869 nostro
915 1803 1098 1869 millenario
1119 1824 1257 1870 numero
1279 1804 1378 1871 aliam

141 1891 232 1957 viam
252 1890 446 1975 ingreditur,
468 1893 526 1959 uhi
547 1898 658 1957 tamen
675 1892 742 1957 fere
766 1909 895 1974 semper
912 1889 1050 1954 Muralti
1073 1890 1247 1955 leetionem
1264 1890 1376 1972 refert,

141 1996 240 2060 quam
262 1977 324 2044 etsi
345 1978 407 2045 has
425 1979 687 2044 Buttmanniana
710 1976 928 2060 antiquiorem
951 1982 1063 2040 tamen
1085 1976 1184 2042 sertis
1207 1974 1248 2041 de
1270 1977 1377 2043 causis

139 2062 228 2130 infra
265 2063 397 2129 demum
429 2064 613 2132 recensebo.
659 2063 839 2145 Praecipue
871 2061 1053 2127 notandum
1087 2061 1216 2145 saepius
1246 2063 1379 2147 integra

140 2155 318 2229 oommata,
351 2156 448 2216 antea
475 2170 645 2234 nunqnam
675 2149 863 2225 sollicitata,
897 2147 944 2213 sie
972 2147 1013 2211 ad
1045 2146 1144 2212 fidem
1177 2148 1277 2215 unius
1309 2151 1377 2215 fere

140 2237 234 2302 testis
254 2236 359 2303 aeota
379 2237 497 2313 fuisse,
526 2259 577 2302 ex.
601 2259 649 2320 gr.
683 2234 802 2300 Matth.
831 2239 878 2311 17,
903 2236 952 2298 21.
982 2234 1085 2300 Maro.
1116 2239 1144 2313 7,
1173 2237 1218 2299 16.
1254 2241 1301 2314 14,
1326 2240 1376 2300 68.

139 2322 219 2388 Iino.
242 2325 271 2400 4,
295 2329 323 2387 4.
348 2327 376 2403 8,
403 2328 450 2388 16.
475 2328 524 2386 43.
549 2325 599 2401 20,
624 2326 672 2387 30.
695 2320 742 2385 Io.
768 2327 796 2399 7,
822 2325 870 2384 46.
906 2320 1015 2384 1.Pet.
1041 2325 1069 2397 5,
1095 2325 1121 2384 3.
1146 2328 1204 2386 ete.
1234 2318 1277 2386 In
1290 2341 1377 2386 mar-

140 2407 217 2492 gine
249 2408 402 2475 inferiore
435 2407 610 2475 exhibetur
642 2407 785 2473 varietas
818 2405 1001 2471 editionum
1039 2405 1136 2472 modo
1168 2405 1402 2474 laudatarum.

139 2498 278 2584 integra.

270 2707 324 2769 5.*
366 2702 521 2762 LIPSIAE
542 2706 572 2760 in
589 2704 704 2762 aeduus
721 2703 813 2760 EG.
836 2706 978 2761 imbuent.
1013 2704 1102 2767 1860.
1142 2705 1257 2779 lbmaj.

307 2786 324 2819 ⁹
367 2790 570 2848 LIPSIAEia
591 2793 706 2848 aedibus
722 2790 814 2848 EG.
835 2793 976 2847 Teubaerd.
1010 2790 1099 2852 1864.
1137 2791 1256 2863 ldmop‘.

307 2872 325 2905 ⁹
366 2876 569 2935 LIPSIAEa'n
586 2880 701 2936 sedebas
722 2877 814 2935 EG.
836 2879 976 2934 Teatbneri.
1011 2876 1101 2939 1865.
1139 2877 1255 2950 ldmoj.

223 3012 336 3080 Editio
364 3008 478 3078 eadem
505 3030 543 3076 ao
564 3011 770 3095 praecedens,
790 3011 992 3095 στερεοιῦπως
1013 3011 1160 3093 repetito.
1206 3009 1316 3092 Quam
1338 3018 1377 3079 ut

141 3100 274 3168 seorsim
294 3120 498 3177 recenseam,
521 3103 654 3165 movent
671 3119 724 3163 me
747 3118 828 3181 quas
850 3098 927 3164 hino
945 3097 1021 3163 inde
1041 3096 1243 3180 deprehendi
1264 3103 1376 3166 textus

139 3186 396 3263 emendationes,
429 3185 599 3269 pauciores
627 3183 759 3266 quidem
792 3184 849 3249 sed
871 3191 983 3249 tamen
1015 3205 1053 3248 eo
1080 3184 1185 3266 magis
1211 3184 1375 3252 notandae

137 3292 199 3357 quo
220 3273 332 3338 minus
353 3271 436 3337 tales
458 3270 641 3353 exspectari
659 3269 821 3336 debebant
843 3291 883 3335 ex
903 3291 942 3335 ea
959 3270 1072 3336 aritiea
1089 3269 1251 3350 methodo,
1275 3291 1375 3352 quam

136 3359 243 3426 editor
264 3359 328 3425 sibi
350 3355 547 3442 sequendam
576 3362 746 3435 statuerat,
776 3356 984 3422 derivandae.
1030 3355 1087 3421 sio
1108 3355 1263 3421 scribitur
1283 3378 1374 3424 nuno

133 3444 239 3513 Maro.
267 3448 315 3523 14,
343 3448 389 3508 15.
414 3441 553 3523 ἀνάγαιον
574 3464 632 3526 pro
656 3441 815 3527 o'roo‘yasov,
844 3443 925 3509 Luc.
952 3446 1000 3522 10,
1025 3444 1075 3505 20.
1099 3462 1161 3507 om.
1184 3443 1310 3523 μᾶλλον,
1335 3442 1373 3510 O.

134 3536 185 3611 11,
211 3535 261 3596 33.
285 3529 351 3614 φῶς
380 3551 439 3613 pro
462 3536 578 3613 φέγγος,
611 3528 707 3594 Rom.
733 3533 761 3608 8,
788 3536 834 3593 11.
866 3527 916 3592 dari
942 3525 976 3592 ad
1003 3529 1128 3592 ἐνοικοῦν
1155 3536 1214 3594 ete.
1238 3550 1298 3613 pro
1321 3527 1375 3595 διὰ

130 3619 183 3683 τοί
206 3624 267 3684 eto.
294 3622 320 3693 1,
343 3614 419 3695 Oor,
444 3618 491 3695 12,
516 3617 543 3679 2.
567 3613 639 3680 add.
663 3610 722 3695 its,
741 3615 816 3681 Gal.
840 3619 868 3694 4,
896 3620 943 3679 17.
966 3616 1152 3697 praefertur
1172 3637 1262 3681 nuno
1284 3614 1373 3700 ἡμᾶς,

127 3699 225 3772 Phil.
249 3707 278 3780 4,
303 3704 352 3765 13.
379 3699 456 3784 μετὰ
481 3700 534 3764 τοῦ
556 3726 604 3765 aa.
625 3699 719 3783 ἱμῶν,
754 3706 778 3766 1.
809 3702 922 3768 Thess.
948 3703 977 3780 2,
1003 3703 1050 3768 11.
1085 3701 1312 3787 μαρτυρόμενοι,
1346 3708 1370 3767 1.

127 3787 208 3859 Pet
233 3793 262 3872 3,
287 3783 541 3868 1111111111
563 3793 622 3854 ete.

236 4001 287 4063 a·
329 3997 564 4062 11101111
581 4000 695 4057 suaa
711 4001 1026 4059 1111111111.
1058 3997 1148 4060 iasa.
1184 3997 1278 4072 aaa.
1335 3957 1336 3960 Ὺ

220 4134 315 4201 Haeo
340 4155 418 4200 vere
451 4134 554 4200 altera
573 4134 771 4199 Buttmanni
804 4133 904 4200 editio
937 4154 975 4200 eo
1007 4134 1152 4200 maxime
1186 4133 1319 4199 nomine
1352 4156 1373 4199 1

130 4222 245 4308 priore
270 4219 382 4286 differt
406 4220 490 4305 quod
520 4221 749 4304 typographus
771 4242 874 4287 novas
895 4220 1068 4286 literarum
1090 4239 1283 4304 graeoarum
1305 4219 1371 4284 for-

130 4330 205 4375 mas
233 4305 399 4386 adhibuit,
435 4328 605 4390 nunquam
633 4313 731 4372 antea
760 4307 796 4371 in
823 4306 906 4372 libro
934 4329 1051 4392 graeco
1078 4311 1188 4370 tantae
1216 4304 1370 4388 amplitu-

132 4395 221 4461 dinis
248 4401 432 4477 usurpatas,
455 4394 578 4459 seilicet
606 4392 647 4457 ad
674 4393 853 4459 unoialium
881 4393 1048 4458 minorum
1075 4399 1193 4476 typum
1220 4391 1371 4475 proxime

132 4479 326 4548 amedentes
348 4479 466 4563 quibus
488 4479 614 4546 oodioes
634 4478 762 4544 mediae
785 4480 901 4546 aetatis
923 4480 1044 4563 passim
1056 4477 1256 4560 conscriptos
1270 4478 1370 4544 habe-

132 4588 217 4634 mns
263 4565 359 4648 Quae
378 4587 431 4632 res
453 4588 494 4631 ex
516 4567 663 4634 novitate
685 4565 790 4651 magis
820 4588 920 4649 qnam
947 4588 989 4632 ex
1014 4565 1146 4649 proprio
1176 4585 1234 4630 suo
1262 4564 1370 4632 nitore

132 4653 266 4723 laudem
284 4652 416 4735 meruit
450 4651 504 4723 Ad
527 4653 650 4722 oaloem
667 4652 743 4725 libri
765 4651 943 4743 diligenter
963 4657 1093 4722 notatae
1115 4656 1193 4721 sunt
1212 4650 1370 4721 leetiones
