3000 5024
720 224 842 280 CAPUT
860 226 883 280 Ι.

280 508 341 562 340.
358 508 410 578 Ap.
430 507 531 578 18,12.
555 509 616 565 add.
643 508 689 560 acl
715 511 827 576 σηρικοῦ
841 509 959 560 ...aral
986 476 989 555 l

391 573 570 700 popgoipoffl
707 646 719 658 .
776 641 782 657 ι
896 637 903 656 ,
951 644 959 661 ἱ
1010 587 1215 650 multumque

281 644 341 701 341.
357 647 409 716 Ap.
430 649 442 699 1
463 645 957 716 ,23.11111.κ.φωςλοχνοοοομη
987 666 990 711 1

394 716 470 785 φανῇ
487 714 518 766 ἔν
535 730 580 767 σοι
598 713 673 766 ἔπ’*
987 726 989 787 ξ
1010 732 1061 771 om.

283 783 341 838 342.
360 784 412 853 Ap.
424 785 464 850 19,
481 785 506 840 9.
524 784 584 840 add.
593 781 716 852 γράψον.
728 821 733 832 ·
745 821 751 832 -
762 779 958 852 .το1ῖγα’μου“
987 790 989 804 '
1011 801 1063 841 om.
1075 791 1215 856 nomque

285 852 344 906 343.
362 855 414 922 Ap.
434 853 473 920 19,
492 853 533 907 11.
552 853 612 909 add.
631 848 831 923 xatoopeow
1012 855 1119 910 011111ι

282 922 343 978 344.
363 925 414 991 Ap.
431 923 473 988 20,
492 921 516 975 3.
536 920 688 973 ἔκλεισεν”
1012 921 1108 986 ἔδησεν

283 990 342 1046 345.
361 992 413 1061 Ap.
431 991 474 1059 21,
492 991 533 1044 26.
551 992 611 1046 add.
634 992 681 1042 καὶ
698 989 804 1041 οἴσουσι
826 1006 849 1044 τ.
873 989 959 1050 δόξαν

395 1079 419 1112 κ.
438 1077 461 1112 τ.
480 1056 560 1130 τιμὴν
579 1061 635 1110 τοῖν
652 1060 743 1112 ἐθνῶν
760 1060 799 1116 εἰς
810 1052 879 1122 ρξ’*
989 1032 991 1116 l
1012 1078 1062 1117 om.

242 1148 266 1187 e.
283 1130 342 1185 346.
362 1128 462 1249 Apir’ss,
481 1126 586 1265 ἒὲβέπὶ
609 1145 632 1182 τ,
657 1125 773 1199 θρόνους
795 1123 873 1181 εἶδον
896 1126 959 1185 τούς
988 1136 991 1239 ξ
1012 1215 1053 1254 om
1081 1181 1159 1250 εἶδον
1177 1195 1241 1255 τούς
1258 1199 1327 1253 GKS

239 1269 256 1322 1.
280 1266 339 1321 341.
357 1214 409 1346 Afl.
433 1216 480 1335 129,
505 1239 547 1323 lo.
570 1267 630 1322 add.
656 1264 670 1318 o‘
695 1264 844 1337 κατήγορος
864 1283 889 1322 τ.
911 1261 957 1320 α’δ.
988 1256 990 1339 l
1057 1241 1062 1253 Ι

390 1352 468 1405 ημων
485 1336 515 1389 Μ
989 1365 997 1393 ο
1012 1352 1063 1390 om.

703 1531 905 1538 --——----——

272 1689 361 1757 Sunt
389 1690 426 1754 hi
455 1689 517 1754 loci
545 1691 684 1756 trecenti
712 1689 931 1774 quadraginta
954 1698 987 1756 et
1014 1696 1140 1774 septem
1168 1709 1210 1754 ex
1236 1688 1328 1754 mille
1357 1689 1425 1754 illis

186 1799 269 1860 quae
302 1776 469 1842 collationi
496 1783 628 1842 nostrae
660 1778 892 1855 inservierunt,
925 1778 960 1841 in
994 1777 1113 1860 quibus
1146 1775 1306 1841 editiones
1340 1775 1426 1842 duae

186 1864 360 1947 principes,
390 1862 658 1945 Complutensem
687 1863 825 1929 dicimus
858 1869 892 1928 et
920 1864 1054 1928 Erasini
1082 1863 1233 1946 primam,
1271 1862 1359 1927 inter
1388 1883 1425 1927 se

188 1949 394 2014 dissentiunt.
440 1947 590 2028 Quorum
614 1953 675 2014 305
704 1951 831 2032 priores
853 1948 987 2035 (classes
1009 1949 1180 2014 I.-VIII.
1202 1948 1271 2012 Lit.
1301 1947 1424 2034 A-Q)

187 2037 222 2099 in
244 2037 397 2101 omnibus
420 2034 617 2100 editionibus
640 2036 680 2100 ab
703 2037 773 2117 ipso
795 2037 934 2101 Erasmo
956 2035 1138 2118 procuratis
1168 2033 1306 2099 eandem
1329 2035 1425 2100 exhi-

116 2122 119 2129 '
187 2122 268 2188 bent
291 2120 475 2198 lectionem,
502 2121 538 2183 in
560 2121 697 2186 caeteris
726 2142 805 2187 vero
828 2126 868 2184 42
894 2121 1044 2204 (111111.
1074 2122 1140 2186 Lit.
1170 2120 1290 2204 R—r)
1319 2121 1426 2186 editor

188 2208 362 2274 lectionem
384 2214 499 2290 postea
517 2208 657 2272 mutavit
679 2210 717 2271 ut
739 2229 807 2272 suo.
820 2208 888 2274 loco
912 2207 1106 2274 videbimus.

273 2294 346 2357 Iam
366 2314 466 2375 quum
485 2292 569 2357 duae
586 2292 663 2357 illae
682 2293 843 2358 editiones
859 2294 1026 2377 principes
1047 2292 1265 2377 plurimarum
1284 2293 1429 2359 aliarum

189 2381 295 2444 fontes
316 2380 448 2458 fuerint,
472 2400 537 2443 non
556 2379 614 2444 abs
636 2400 672 2443 re
694 2380 757 2443 erit
774 2381 945 2462 anquirere
968 2381 1075 2445 utrius
1093 2385 1212 2458 textus,
1236 2379 1434 2445 recentiori-

103 2544 108 2550 ,
190 2467 250 2531 bus
273 2465 394 2531 criticis
415 2464 586 2544 iudicibus,
609 2466 829 2548 praestantior
849 2465 1022 2532 habendus
1040 2466 1093 2531 sit.
1126 2465 1235 2549 Igitur
1256 2487 1298 2530 cx
1320 2466 1429 2549 signis

190 2551 346 2635 siglisque
367 2550 562 2616 lectionibus
584 2551 723 2635 singulis
750 2574 850 2635 supra
871 2550 1028 2634 adpositis
1056 2552 1117 2618 hos
1144 2571 1298 2616 numeros
1327 2551 1429 2618 colle-

192 2637 292 2722 geris:
315 2638 351 2701 in
373 2637 452 2701 loeis
468 2641 525 2700 117
539 2638 737 2703 recentiores
759 2639 866 2703 nostri
884 2659 998 2703 omnes
1016 2637 1306 2720 Oomplutensibus
1324 2637 1429 2703 adse-2

190 2722 355 2807 pulantur,
378 2723 413 2786 in
433 2726 473 2786 67
493 2722 565 2787 aliis
585 2721 686 2787 iidem
703 2723 858 2804 Erasm03
881 2723 998 2806 quibus
1018 2723 1101 2789 adde
1123 2728 1161 2788 18
1180 2722 1260 2787 alios
1279 2723 1320 2787 ad
1337 2724 1429 2805 prie-

193 2831 265 2874 rem
282 2809 410 2887 seriem,
434 2814 473 2872 45
493 2808 535 2873 ad
552 2810 767 2892 posteriorem
784 2812 985 2892 pertinentes
1004 2811 1059 2876 ubi
1082 2810 1211 2874 tantum
1228 2830 1296 2873 non
1313 2830 1432 2876 omnes

194 2897 282 2978 iique
304 2897 447 2978 potiores
469 2895 574 2961 critici
596 2916 671 2961 cum
693 2895 794 2961 altero
823 2896 903 2962 duce
925 2897 1059 2962 faciunt.
1104 2895 1192 2962 Sunt
1214 2916 1301 2979 ergo,
1323 2901 1361 2960 ut
1381 2896 1433 2960 ita

195 2983 351 3061 dicamus,
373 2981 655 3048 bonae‘leotiones
680 2985 739 3045 135
761 2982 847 3064 apud
868 2983 1127 3065 Complutenses
1151 2982 1208 3064 qui
1229 2982 1375 3046 maxime
1393 2984 1432 3046 in

196 3067 397 3151 Apocalypsi
429 3067 500 3153 (55)
534 3075 607 3131 tum
640 3069 749 3146 etiam,
784 3069 840 3133 sed
874 3069 984 3151 paullo
1018 3069 1127 3133 minus
1160 3068 1358 3149 frequenter,
1393 3069 1433 3133 in

193 3153 384 3238 Evangeliis
408 3155 476 3237 (42)
495 3159 654 3238 punctum
672 3153 828 3233 tulerunt,
852 3176 952 3236 quum
976 3153 1061 3237 apud
1079 3154 1258 3220 Erasmum
1275 3152 1344 3219 illic
1363 3176 1434 3220 non

196 3239 259 3304 nisi
291 3245 347 3319 17,
367 3241 421 3306 hic
450 3244 490 3303 27
520 3238 665 3305 eiusdem
693 3247 789 3305 notae
817 3247 964 3322 exstent3
1003 3241 1059 3323 qui
1087 3247 1199 3305 tamen
1232 3240 1364 3322 saepius
1394 3241 1433 3305 in

194 3326 351 3409 Epistolis
368 3325 511 3409 paulinis
535 3325 588 3410 (39
609 3332 724 3391 contra
747 3331 784 3390 19
807 3326 949 3409 Oompl.)
971 3327 1139 3392 meliorem
1157 3324 1329 3390 lectionem
1346 3326 1433 3392 sele-

196 3414 282 3496 gisse
305 3411 425 3477 nostris
447 3413 539 3476 visus
561 3417 621 3489 est,
644 3413 744 3476 etiam
766 3412 802 3476 in
824 3413 918 3478 Actis
941 3419 974 3477 et
995 3413 1153 3495 Epistolis
1175 3411 1345 3477 catholicis
1376 3416 1433 3496 (29

196 3505 309 3562 contra
331 3498 382 3580 19)
402 3517 470 3561 non
488 3497 702 3580 spernendus,
723 3499 780 3562 ita'
792 3507 829 3562 ut
846 3499 880 3563 in
899 3520 1028 3563 summa
1046 3498 1134 3581 apud
1152 3519 1227 3562 eum
1249 3502 1307 3560 112
1326 3497 1435 3564 bonae

195 3583 352 3649 lectiones
370 3590 595 3648 numerentur.
639 3583 681 3647 In
706 3587 745 3647 28
768 3584 847 3650 locis
867 3586 1064 3650 recentiores
1085 3585 1120 3648 in
1149 3583 1279 3650 diversa
1307 3583 1436 3649 abeunt

197 3669 262 3734 alio
284 3669 386 3734 alium
407 3668 546 3734 subinde
574 3669 690 3734 ducem
713 3677 879 3752 sequente,
902 3671 949 3734 ita
968 3676 1006 3735 ut
1027 3692 1080 3735 res
1107 3669 1255 3734 nondum
1284 3671 1436 3737 confecta

196 3755 358 3820 videatur.
403 3755 527 3820 Tricies
550 3756 682 3820 tertiam
705 3755 850 3838 aliquam
871 3756 1046 3822 lectionem
1075 3757 1265 3838 praeferunt
1292 3763 1435 3840 utraque

200 3842 382 3924 antiquiore
404 3842 532 3907 reiecta.
564 3842 708 3906 Restant
726 3841 943 3926 quadraginta
963 3842 1027 3907 duo
1049 3843 1109 3908 loci
1132 3844 1167 3906 in
1185 3841 1303 3925 quibus
1321 3841 1437 3925 plures

197 3928 415 3993 recentiorum
438 3935 588 3992 neutram
607 3929 859 4011 amplectuntur,
883 3930 1053 4012 pauciores
1072 3928 1265 3994 alterutram
1283 3934 1436 3994 veterum

197 4014 435 4078 commendant.
480 4014 619 4079 Constat
641 4015 743 4098 igitur
763 4021 916 4080 neutram
937 4014 1072 4080 illarum
1090 4015 1319 4081 recensionem
1341 4015 1437 4098 prin-

197 4099 317 4182 cipum,
341 4099 369 4164 si
392 4106 523 4165 nostrae
546 4101 660 4164 aetatis
681 4101 869 4167 auctoribus
890 4101 972 4166 fides
994 4099 1145 4166 habenda
1168 4106 1225 4180 est,
1249 4100 1346 4165 alteri
1363 4121 1437 4166 om-

197 4185 463 4261 nibusnumeris
486 4184 610 4264 cedere,
632 4187 783 4268 quamvis
800 4186 1025 4270 Hispanorum
1044 4207 1125 4269 opus
1145 4208 1212 4252 non
1233 4187 1316 4252 nihil
1338 4187 1437 4254 Basi-

197 4271 301 4338 leensi
322 4281 487 4355 praestare
509 4271 670 4338 videatur.
703 4272 880 4338 Caeterum
901 4275 937 4337 in
958 4272 1152 4339 lectionibus
1173 4273 1344 4355 utriusque
1366 4275 1437 4339 sin-

199 4359 368 4442 gularibus
391 4358 583 4444 colligendis
612 4357 652 4422 ad
676 4380 731 4423 eas
754 4359 898 4425 maxime
921 4358 1120 4425 attendimus
1142 4379 1224 4442 quae
1246 4380 1289 4424 ex
1316 4359 1437 4426 codici-

197 4444 259 4509 bus
281 4444 473 4527 desumptae
496 4444 636 4527 aliquam
665 4445 805 4526 speciem
827 4446 975 4512 veritatis
1002 4466 1080 4528 prae
1102 4467 1136 4510 so
1161 4446 1247 4509 ferre
1273 4452 1436 4527 poterant,

198 4531 297 4596 meris
320 4530 448 4596 mendis
466 4531 723 4615 typographicis,
747 4551 887 4613 quorum
909 4531 1051 4614 amplam
1074 4542 1214 4596 messem
1237 4532 1345 4597 faeere
1367 4554 1437 4597 non

199 4617 245 4679 ita
267 4637 403 4700 operosa
425 4638 478 4683 res
500 4618 626 4696 fuisset,
649 4617 817 4701 neglectis.
