3000 5024
102 257 106 269 ¹
191 242 233 303 42
731 236 849 292 CAPUT
867 237 904 293 ll.
1402 233 1429 290 U

192 411 429 495 Stephanioam
451 417 630 476 eorreotam
657 431 736 475 esse.
781 409 831 476 'lu
855 431 942 490 vero,
965 409 1103 478 eandide
1125 410 1237 491 leotor,
1266 430 1349 477 eave
1377 413 1429 474 ta-

191 499 277 565 libus
306 496 406 563 fidem
434 495 563 562 habeas.
615 494 820 581 Simpliciter
847 496 1002 564 desoribit
1032 505 1147 564 nostra
1172 495 1430 581 praeoedentem

146 622 150 629 ·
192 607 219 650 a.
246 588 326 648 1546
345 583 467 649 editam
485 604 560 650 oum
578 582 731 659 omnibus
749 583 816 649 suis
836 584 1058 668 singularibus
1076 582 1281 651 lectionibus.
1310 581 1429 649 Unum

192 678 323 737 tantum
344 670 453 736 looum
474 675 639 734 mutatum
661 669 776 734 inveni
806 672 861 755 qui
889 672 957 735 iam
985 671 1120 738 exhibet
1140 671 1317 738 leotionem
1336 669 1428 754 Bry-

190 757 409 842 liugerianam
432 759 474 842 (β.
497 756 530 838 4)
554 755 707 839 deinoeps
730 757 935 824 servandam.

440 966 514 1025 35.*
531 966 725 1024 BASILEAE
742 987 787 1041 ap.
805 967 868 1024 Nic.
885 964 1013 1036 Brpliao.
1034 967 1125 1029 1550.
1150 969 1178 1029 8.

274 1101 368 1168 Η666
390 1101 554 1184 pertinere
576 1100 695 1166 dieitur
716 1101 758 1167 ad
780 1100 881 1168 biblia
903 1118 1021 1184 graeoa
1042 1103 1174 1186 integra
1194 1100 1310 1168 eodem
1338 1124 1429 1181 anno

191 1210 210 1254 a
232 1188 432 1272 Brylingero
455 1186 557 1267 edita3
588 1188 638 1252 Le
661 1189 811 1272 Longius
838 1195 926 1254 oerte
953 1195 987 1250 et
1008 1188 1178 1255 Masehius
1206 1189 1315 1254 Vetus
1343 1189 1430 1254 illud

191 1283 224 1342 61
256 1275 390 1341 Novum
424 1274 673 1339 Testamentum
711 1297 816 1340 unum
856 1295 938 1358 opus
969 1274 1126 1342 biblioum
1163 1274 1266 1340 fuisse
1299 1275 1429 1342 volunt

191 1360 319 1443 Quibus
337 1367 448 1425 tamen
470 1361 599 1426 obstare
621 1360 753 1427 videtur
773 1368 845 1426 tum
867 1360 953 1445 quod
975 1361 1080 1428 editor
1106 1361 1148 1426 ad
1170 1361 1294 1428 oaloem
1314 1363 1429 1446 quarti

189 1448 372 1515 voluminis
399 1447 441 1512 V.
465 1447 501 1512 d.
533 1447 678 1513 olausula
706 1447 870 1531 adseripta
895 1448 1050 1514 leotorem
1078 1449 1190 1516 valere
1217 1448 1310 1513 iubet
1354 1456 1429 1515 tum

191 1534 276 1685 ffl¹⁰d
304 1556 347 1600 ex
374 1532 488 1600 eadem
516 1534 648 1600 offioiua
675 1555 703 1600 a.
736 1539 826 1600 1582.
850 1533 891 1599 V.
921 1534 958 1598 1.
987 1535 1108 1602 iterum
1134 1533 1257 1618 prodiit
1277 1555 1346 1600 non
1368 1535 1429 1601 ad·

225 1626 258 1687 to
280 1642 374 1686 novo.

276 1705 409 1772 Titulus
423 1705 463 1771 N.
487 1707 524 1770 1.
549 1706 628 1772 dioit
645 1706 712 1771 iam
730 1707 827 1771 tertio
850 1708 1045 1790 castigatum
1067 1712 1101 1772 et
1118 1726 1197 1771 sane
1215 1712 1329 1774 textus
1347 1706 1429 1775 hino

189 1792 267 1858 inde
289 1797 435 1876 mutatus
458 1799 510 1858 est
530 1793 571 1858 ab
593 1791 649 1857 illo
672 1793 728 1875 qui
749 1794 855 1858 fuerat
877 1793 1102 1875 praesedentis
1124 1791 1287 1859 editionis.
1320 1794 1430 1860 Plura

190 1881 280 1945 enim
301 1880 385 1963 qua‘e
410 1900 439 1944 a.
466 1884 547 1943 1546
573 1880 718 1962 primum
745 1879 838 1944 illata
866 1889 962 1944 orant
989 1881 1043 1945 hio
1069 1885 1232 1963 expurgat
1260 1887 1430 1947 eorreotor

190 1965 232 2031 ad
254 1965 474 2048 antiquiorem
499 1966 675 2032 lectionem
696 1985 864 2049 regressus
887 1967 975 2050 (Aet.
1003 1969 1050 2045 12,
1080 1968 1137 2044 253
1164 1969 1212 2045 13,
1236 1969 1292 2046 33;
1319 1970 1369 2046 17,
1394 1972 1431 2049 53

190 2056 241 2132 aa,
273 2056 327 2131 12;
361 2050 758 2134 1661314166.
790 2055 820 2130 s,
854 2056 906 2131 133
940 2055 988 2130 16,
1023 2052 1097 2133 ra).
1146 2051 1432 2119 pertansires

188 2139 322 2204 Erasmi
338 2143 536 2221 postremam
558 2138 712 2212 11111666.
737 2141 843 2217 2,12;
870 2143 897 2201 1.
916 2138 986 2203 Ρ61.
1011 2143 1040 2216 2,
1060 2142 1095 2218 3;
1123 2138 1185 2220 Ap.
1208 2142 1222 2201 1
1249 2171 1252 2175 ·
1325 2139 1430 2224 (U0q‘)

188 2225 318 2290 Vitium
339 2231 419 2308 puto
448 2225 624 2290 leotionem
646 2222 842 2302 1116111124,
868 2228 905 2287 17
930 2224 987 2306 (G.
1012 2223 1067 2308 61)
1090 2213 1163 2308 ἆραι
1184 2221 1227 2288 τὸ.
1263 2248 1267 2253 ·
1307 2226 1431 2310 enique

188 2309 384 2376 lectionibus
401 2310 544 2376 familiae
561 2309 640 2376 huie
656 2309 799 2393 propriis
816 2310 883 2374 iam
895 2309 1044 2376 addenda
1061 2310 1116 2375 hie
1132 2309 1190 2376 illa
1208 2331 1308 2395 quarn
1326 2333 1432 2396 supra

189 2417 327 2462 numero
348 2400 378 2480 β.
402 2400 420 2459 5
441 2397 685 2482 insignivimus.

275 2482 447 2548 Editiones
468 2483 742 2570 Brylingerianas
763 2482 959 2564 posteriores
980 2481 1130 2549 dabimus
1151 2483 1239 2549 infra
1259 2482 1325 2549 alio
1346 2483 1435 2552 loeo:

568 2743 582 2824 1
606 2743 634 2806 6.
679 2721 1044 2809 611116166111.

365 2936 440 2994 36.ie
457 2935 623 2994 PARISIIS
642 2939 791 2994 6161ιά6161
809 2937 912 2994 Uareia
930 2937 1073 3010 Goellerd.
1096 2938 1184 2996 1543.
1209 2939 1256 2998 12.

274 3086 488 3173 'lypographi
509 3107 630 3152 nomon
652 3088 688 3151 in
710 3087 797 3154 ealce
819 3087 896 3152 libri
912 3087 1043 3171 legitur,
1067 3087 1183 3154 titulus
1205 3090 1430 3171 praesefert

187 3174 323 3239 nomina
350 3195 465 3240 eorum
495 3171 582 3257 apud
612 3193 693 3257 quos
714 3173 882 3256 prestabat
903 3174 1068 3240 emendus.
1112 3175 1341 3258 Reperiuntur
1368 3198 1429 3248 ex·

187 3261 347 3344 emplaria
375 3282 449 3326 oum
478 3261 611 3325 nomine
640 3261 773 3325 Ioannis
801 3261 943 3344 Roigny,
972 3260 1036 3325 alia
1058 3260 1159 3345 (inter
1186 3280 1271 3344 quae
1295 3263 1428 3348 meum)

187 3367 262 3412 66111
286 3346 417 3412 nomine
439 3346 550 3412 Iaeobi
572 3346 715 3429 Bogard.
759 3347 925 3412 Lorekius
948 3346 1134 3428 possidebat
1160 3347 1339 3431 utriusque
1368 3370 1427 3434 16-

186 3433 276 3499 neris
298 3434 419 3498 librum
441 3433 480 3498 of.
505 3433 575 3498 eius
597 3432 670 3498 BG.
695 3433 739 3497 Il.
761 3437 802 3497 48
825 3441 858 3497 61
879 3432 1052 3498 oollatione
1074 3431 1303 3518 Stuttgardiae
1326 3434 1427 3502 insli-

187 3525 260 3585 tuta
280 3541 352 3585 rem
377 3524 471 3585 extra
493 3518 628 3584 dubium
651 3540 771 3601 ponere
799 3519 901 3602 potui.
947 3519 1096 3584 Tertium
1123 3540 1244 3585 nomen
1265 3521 1314 3587 Io.
1345 3520 1428 3588 Nei-

185 3627 257 3691 gny
285 3606 371 3690 quod
394 3604 561 3671 Dibdinus
588 3602 681 3670 addit
709 3605 736 3671 Ι.
767 3608 806 3668 66
836 3625 927 3670 mero
957 3605 1060 3671 errori
1088 3606 1298 3672 nativitatem
1328 3628 1428 3674 suam

186 3690 291 3759 debet.
337 3691 376 3759 Si
402 3691 499 3777 plura
521 3690 758 3758 desideraveris
780 3690 876 3756 adeas
897 3690 1041 3757 Millium
1063 3694 1077 3776 §
1110 3695 1207 3773 1162,
1234 3693 1453 3760 Masohium

187 3779 214 3845 I.
237 3801 268 3864 p.
294 3782 366 3859 302,
389 3778 642 3864 Baumgartenii
663 3777 784 3844 Naohr.
808 3776 853 3842 Π.
880 3781 905 3842 1.

272 3866 334 3931 Est
366 3865 467 3932 editio
500 3863 738 3949 graeoo-latina
776 3883 874 3945 quam
908 3862 982 3928 Viri
1019 3861 1105 3930 dooti
1137 3864 1256 3931 Iacobo
1289 3864 1428 3933 Tusano

186 3953 393 4038 (1611666161)
415 3952 587 4017 literarum
615 3969 806 4035 graeoarum
829 3949 916 4032 apud
937 3950 1142 4020 Parisienses
1162 3951 1343 4034 professori
1366 3953 1428 4018 tri·

184 4038 298 4105 buunt.
332 4038 444 4105 Habet
463 4039 561 4122 plura
581 4036 747 4120 isagogiea
769 4041 802 4100 et
823 4036 993 4119 exegetica
1014 4035 1238 4104 additamenta
1258 4058 1303 4104 ex
1321 4040 1427 4106 Erae-

183 4127 277 4192 miois
299 4132 333 4191 et
360 4127 398 4190 in
424 4125 513 4192 66166
539 4125 628 4188 farra
654 4123 739 4188 'nem
769 4122 972 4187 variantium
997 4122 1177 4190 leetiouum
1204 4124 1354 4193 maxime
1382 4149 1427 4194 ex

184 4214 351 4297 impressis
374 4211 594 4277 oolleetarum.
669 4230 687 4273 6
709 4214 802 4272 textu
824 4229 923 4291 supra
944 4208 1069 4273 laudati
1090 4216 1222 4277 autores
1242 4211 1339 4278 varie
1358 4213 1427 4280 dis-

184 4305 352 4384 putarunt.
398 4296 527 4363 Millius
550 4295 700 4379 quintam
721 4294 927 4361 Erasmieam
954 4295 995 4359 ad
1024 4295 1106 4363 alias
1133 4318 1231 4381 saepe
1260 4297 1427 4367 editiones

184 4392 364 4452 oorreotam
397 4383 486 4462 dioit,
514 4381 722 4447 Wetstenius
751 4379 902 4446 Oolinaei
929 4387 1060 4446 textum
1090 4391 1203 4450 nostro
1235 4385 1427 4452 maximum

184 4471 368 4537 subsidium
390 4471 492 4536 fuisse
514 4467 655 4546 eoniioit,
678 4467 848 4532 Masehius
865 4466 1157 4552 Brylingerianam
1177 4470 1324 4553 aliquam
1346 4473 1427 4539 fun·

183 4556 378 4622 dementum
407 4556 507 4620 fuisso
535 4554 729 4637 suspicatur.
774 4552 862 4618 Mihi
884 4553 966 4619 haee
993 4575 1046 4619 166
1074 4557 1170 4621 611161
1198 4577 1270 4624 sese
1298 4558 1427 4625 habere

183 4644 320 4710 videture
377 4641 472 4709 Seiae
510 4640 671 4707 editorem
704 4638 919 4706 Bebeliauam
958 4641 1091 4708 tertiam
1123 4643 1238 4728 pauois
1270 4645 1309 4711 in
1342 4645 1426 4713 loois
