3000 5024
603 189 887 249 enumerares
1338 201 1358 261 9

129 364 274 450 episcopi
291 364 531 450 quinquaginta
549 385 608 431 sex
623 370 757 432 tautum
774 365 935 433 editiones
954 365 1104 445 exhibet;
1124 367 1361 437 Griesbachius

131 450 147 515 ὁ
166 450 244 515 πάνυ
265 453 440 536 sexaginta
467 473 585 520 novem
614 473 690 517 suas
719 454 854 532 fecerat,
882 453 930 519 Ie.
953 451 1022 536 Sig.
1046 454 1206 520 Meerlius
1227 455 1361 521 Nerim-

129 538 298 623 bergensis
329 539 536 624 septuaginta
569 545 702 621 septem.
751 539 827 607 Une
860 539 1041 622 exemplari
1073 539 1266 624 locupletior
1297 543 1362 608 fuit

127 626 216 710 Aug.
244 623 460 692 Shadeleeck.
505 625 547 689 In
575 624 770 692 bibliotheca
798 626 1023 692 universitatis
1053 626 1236 709 Lipsiensis
1266 649 1360 694 sexa·

128 713 221 797 ginta
242 719 276 776 et
297 732 397 776 unam
427 711 555 790 inveni,
584 711 743 794 Lugduni
764 713 967 779 Batavorum
994 713 1202 797 septuaginta
1232 720 1265 779 et
1291 735 1360 796 sex,

128 797 280 864 Basileae
298 798 464 882 octoginta
481 805 515 863 et
532 804 612 877 ecte,
632 798 842 883 Guelferbyti
859 799 1038 882 nonaginta
1055 805 1089 863 et
1104 798 1194 879 duas,
1213 799 1362 866 Dresdae

130 892 198 949 tres
218 904 317 967 supra
339 884 480 950 eundem
503 905 693 965 numerum,
722 885 870 950 Beroliui
891 893 1023 949 centum
1051 892 1085 950 et
1105 885 1361 968 quatuordeeim,

131 970 391 1055 Wernigcredae
417 970 504 1035 ultra
531 977 664 1036 eentum
693 977 726 1036 et
755 971 980 1054 quadraginta.
1041 971 1184 1055 Propius
1218 992 1237 1036 a
1265 993 1362 1058 scopo

131 1055 307 1122 abfuerunt
328 1057 493 1122 triumviri
515 1056 569 1123 vel
589 1057 625 1121 in
647 1057 752 1122 literis
774 1059 876 1124 saeris
893 1057 1039 1123 colendis
1060 1057 1113 1124 vel
1130 1058 1167 1122 in
1184 1058 1278 1125 libris
1296 1059 1363 1126 cel·

130 1141 272 1227 ligandis
300 1142 503 1208 celeberrimi
531 1140 600 1228 sig.
622 1142 687 1209 Iac.
715 1144 995 1227 Baumgartenius
1021 1143 1177 1210 Halensis
1203 1145 1240 1209 in
1268 1146 1363 1212 cuius

131 1229 334 1313 amplissima
362 1228 552 1295 collectione
585 1236 718 1295 eentum
751 1230 990 1315 quinquaginta
1023 1238 1054 1295 et
1088 1230 1171 1295 duae
1204 1231 1363 1298 editiones

129 1315 171 1381 N.
198 1317 236 1381 Τ.
269 1316 379 1400 graeci
412 1316 611 1380 exstiterunt
637 1322 710 1399 pest
739 1317 809 1382 eius
837 1324 977 1381 mertem
1006 1316 1134 1399 publice
1166 1316 1363 1397 divenditae,

129 1402 176 1467 Ie.
198 1401 277 1467 Mel.
302 1401 442 1468 Geezius
464 1402 728 1486 Hamburgensis
757 1404 814 1486 qui
840 1410 973 1469 centum
1001 1403 1122 1487 viginti
1151 1425 1209 1469 sex
1237 1402 1362 1483 habuit,

129 1507 219 1553 nuuc
246 1486 463 1554 bibliothecae
490 1489 616 1570 patriae
643 1497 881 1569 ornamentum,
911 1489 948 1554 in
973 1509 1039 1571 qua
1066 1508 1178 1554 earum
1205 1509 1364 1574 numerus

129 1575 367 1659 quinquaginta
385 1581 525 1657 quatuor
547 1574 620 1639 aliis
642 1574 740 1640 hodie
762 1584 876 1641 auctus
893 1577 1064 1660 reperitur,
1101 1575 1204 1640 Iesias
1223 1574 1365 1659 denique

131 1660 278 1726 Lerkius
299 1664 498 1744 deplectitur
520 1661 696 1744 superioris
723 1662 777 1729 vel
799 1663 907 1746 petius
928 1663 1034 1727 omnis
1057 1662 1173 1726 aetatis
1201 1662 1364 1747 princeps,

129 1748 165 1813 iu
183 1747 275 1812 cuius
296 1748 452 1813 thesaure
474 1754 641 1814 trecentae
663 1748 880 1832 quadraginta
902 1755 935 1814 et
957 1769 1016 1812 sex
1038 1758 1260 1828 recensentur,
1283 1769 1365 1831 quas

129 1833 223 1900 eiad
250 1834 376 1898 iustum
404 1855 579 1899 numerum
606 1834 771 1918 redegeris
800 1835 941 1918 demptis
969 1832 1079 1917 duplis
1107 1834 1244 1917 aliisque
1273 1833 1366 1900 libris

128 1939 213 2005 quae
234 1920 328 1985 nobis
346 1921 380 1985 iu
400 1941 535 1986 censum
554 1942 620 1985 nen
638 1921 787 2000 veniunt,
811 1920 969 1986 ducentae
987 1921 1154 2003 octoginta
1171 1927 1205 1984 et
1221 1920 1366 2004 quinque

129 2011 329 2088 supererunt
361 2028 448 2071 nune
476 2006 704 2090 Stuttgerdiae
736 2007 772 2071 in
805 2006 1003 2073 bibliotheca
1034 2007 1127 2090 regia
1160 2005 1385 2075 adservatae..

128 2093 242 2158 Etiam
262 2093 299 2157 in
320 2093 517 2159 bibliotheca
539 2091 741 2160 Sussexiana
773 2093 861 2159 ultra
883 2093 1024 2160 ducenta
1045 2092 1247 2178 exemplaria
1267 2093 1308 2158 N.
1328 2094 1365 2158 Τ.

130 2179 242 2264 graeci
263 2185 483 2245 recensentur.

218 2264 294 2348 Ipse
316 2287 358 2330 ex
380 2284 445 2347 que
467 2263 509 2330 ad
530 2265 700 2330 historiam
722 2265 892 2333 literarum
915 2265 1001 2333 Novi
1022 2264 1180 2330 Foederis
1197 2285 1366 2331 sacrarum

130 2351 337 2419 scribendam
355 2352 503 2417 animum
521 2351 649 2417 adverti
666 2352 778 2418 sedule
796 2354 957 2419 editiones
974 2373 1087 2417 earum
1105 2352 1297 2434 conquirere
1314 2351 1365 2416 iu·

131 2438 204 2520 cepi
224 2444 321 2520 atque
342 2438 379 2502 in
401 2438 463 2503 hec
481 2445 599 2504 conatu
617 2444 685 2504 tam
707 2459 863 2523 prospera
880 2441 1014 2505 fortuna
1030 2460 1109 2504 usus
1128 2459 1201 2503 sum
1219 2445 1257 2501 ut
1278 2438 1367 2502 intra

131 2544 310 2607 paucerum
343 2544 505 2589 annerum
527 2524 670 2607 spatium
694 2527 802 2608 copias
823 2525 876 2594 vel
897 2525 1078 2594 Lerkianis
1095 2524 1199 2588 multo
1220 2522 1367 2607 locuple·

131 2610 233 2675 tiores
250 2630 348 2675 meas
376 2610 485 2676 dicere
512 2610 686 2694 potuerim·
740 2611 849 2677 Simul
877 2632 897 2675 a
921 2611 1069 2695 pluribus
1096 2609 1366 2676 bibliothecarum

131 2695 338 2781 publicarum
355 2697 527 2778 praefectis
542 2697 702 2763 librorum
723 2698 862 2782 siugulis
882 2698 962 2763 leeis
985 2697 1186 2762 exstantium
1204 2695 1367 2780 catalogos

132 2781 214 2868 petii
235 2803 315 2865 quos
337 2783 402 2848 viri
419 2783 643 2849 honestissimi
664 2805 792 2851 mecum
813 2783 1050 2850 humanissime
1068 2789 1103 2848 et
1124 2783 1367 2849 accuratissime

133 2868 425 2936 communicarunt.
468 2868 511 2933 In
539 2870 657 2952 quibus
679 2869 835 2954 catalogis
857 2871 985 2954 siquid
1006 2871 1089 2935 ferte
1113 2869 1190 2936 nevi
1217 2876 1251 2934 et
1271 2868 1367 2934 inau-

133 2955 196 3021 diti
215 2954 425 3021 inveniebam
446 2955 500 3022 vel
520 2956 591 3038 ipse
613 2963 727 3039 postea
747 2957 868 3023 itinere
889 2959 974 3023 facto
1001 2976 1062 3039 per
1087 2956 1288 3022 occasionem
1314 2955 1366 3019 iu·

133 3040 311 3127 spiciebam
332 3042 385 3107 vel
413 3062 472 3124 per
493 3043 613 3108 amices
636 3049 669 3107 et
697 3043 838 3108 fautores
859 3043 1004 3108 instituti
1031 3041 1097 3105 mei
1124 3039 1367 3123 inspiciendum

134 3126 298 3195 curabam.
327 3127 511 3193 Multorum
533 3127 591 3193 tali
609 3127 705 3194 mede
727 3128 885 3195 librorum
908 3129 1059 3194 notitiam
1083 3127 1228 3211 primum
1251 3126 1368 3192 alienis

134 3214 291 3280 interris
314 3214 473 3298 acquisivi
495 3236 634 3297 querum
663 3222 776 3297 postea
798 3213 1011 3280 emendorum
1034 3213 1127 3296 copia
1152 3212 1225 3291 fuit,
1254 3212 1302 3277 ita
1328 3218 1368 3277 ut

135 3301 244 3366 rarius
271 3298 368 3365 hodie
396 3306 585 3366 exterarum
611 3301 782 3384 regionum
805 3301 936 3367 divitias
957 3301 992 3365 in
1015 3299 1076 3364 hoe
1099 3320 1195 3382 opere
1216 3296 1367 3364 laudatas

135 3387 280 3470 reperias
302 3408 401 3469 quam
423 3407 503 3468 quas
526 3387 604 3451 olim
625 3387 750 3452 laudari
774 3389 971 3470 oportuisset
998 3386 1026 3453 si
1047 3385 1257 3450 festinantius
1284 3383 1368 3449 illud

135 3473 171 3538 in
204 3470 371 3556 publicum
400 3472 584 3538 edidissem.
634 3473 759 3539 Multos
787 3474 885 3538 etiam
912 3475 979 3538 ime
1006 3472 1166 3555 plurimes
1193 3469 1367 3554 bibliogra-

131 3559 273 3643 pherum
295 3579 421 3625 errores
444 3566 478 3624 et
499 3559 678 3624 editionum
698 3561 884 3642 spuriarum
902 3559 1014 3624 titulos
1036 3580 1077 3624 ex
1095 3557 1251 3641 catalogis
1272 3556 1367 3623 bibli·

132 3645 325 3712 ethecarum
352 3645 431 3710 olim
458 3645 621 3712 indoctius
646 3647 839 3729 conscriptis
865 3667 1016 3713 manasse
1043 3643 1184 3728 comperi
1213 3650 1246 3708 et
1274 3643 1367 3710 libris

131 3732 214 3816 ipsis
233 3732 388 3816 inspectis
411 3753 491 3798 suae
511 3733 642 3799 veritati
661 3732 799 3797 restitui.

220 3819 294 3884 Iam
320 3818 383 3884 hae
409 3819 577 3884 occasione
607 3818 683 3883 data
712 3826 787 3883 ante
814 3817 925 3883 emnia
951 3838 1064 3883 eorum
1092 3815 1237 3895 nemina,
1267 3819 1306 3879 ut
1327 3813 1367 3879 de

131 3905 216 3971 meis
238 3903 334 3970 rebus
356 3905 479 3988 optime
500 3905 704 3982 meritorum,
727 3911 822 3988 grate
845 3925 921 3968 cum
941 3904 1049 3968 anime
1071 3902 1187 3980 salute,
1209 3901 1266 3984 qui
1287 3901 1367 3983 ipsis

131 3991 293 4057 librorum
315 3990 542 4056 collationibus
570 3990 752 4056 accuratius
773 3990 983 4056 instituendis
1011 4009 1143 4070 operam
1170 3987 1367 4052 benevelen-

133 4078 262 4142 tissime
283 4085 465 4157 navarunt;
489 4099 507 4142 e
529 4077 647 4159 quibus
669 4077 803 4141 fuerunt
820 4076 896 4141 VV.
919 4075 996 4141 DD.
1022 4072 1234 4139 Vindebeuae
1253 4072 1366 4139 Gualt.

133 4162 559 4230 Behruauerbibliothecae
578 4163 751 4228 adiunctus
773 4169 806 4227 et
823 4162 899 4229 Oar.
919 4161 1013 4239 Otto,
1041 4160 1118 4227 clar.
1141 4166 1271 4242 patrum
1290 4178 1367 4242 ape·

133 4250 320 4333 legatarum
339 4248 444 4313 editor
462 4256 495 4312 et
510 4249 682 4332 interpres,
701 4244 837 4314 Parisiis
848 4250 933 4331 Eug.
954 4246 1138 4327 Scherdliu,
1157 4244 1249 4311 cand.
1268 4242 1367 4309 theol.

133 4355 225 4402 nuuc
245 4335 281 4398 in
299 4333 483 4419 Gymnasie
500 4336 771 4418 Argentoratensi
789 4335 961 4418 professor,
985 4341 1018 4398 et
1038 4334 1125 4416 Aug.
1149 4331 1266 4416 Himly
1284 4329 1367 4413 prof.

133 4421 224 4506 publ.
249 4420 317 4486 erd.
339 4423 375 4486 in
398 4418 575 4486 Academia
595 4421 775 4486 Parisiensi
803 4421 886 4486 mihi
912 4421 1055 4484 fraterne
1083 4439 1192 4483 amore
1214 4417 1369 4484 coniunc-

134 4507 300 4586 tissimus,
338 4506 577 4572 Amsteledami
610 4507 751 4572 Traiecti
789 4515 823 4572 et
854 4504 1014 4590 Lugduni
1046 4505 1250 4569 Batavorum
1286 4501 1368 4569 Abr.

135 4591 294 4678 Kapper,
323 4591 437 4659 doetus
466 4612 603 4677 operum
631 4592 678 4659 Ie.
709 4614 728 4657 a
755 4593 862 4659 Lasee
889 4591 1008 4673 editor,
1044 4589 1241 4676 Geettingae
1269 4587 1368 4655 Ferd.
