3000 5024
88 224 126 279 W
471 222 666 280 pulmones
684 223 948 282 STEPHANICAE.
1284 228 1322 288 61

88 399 226 462 macuta
247 399 275 461 et
299 395 485 478 locupletata
506 397 549 461 ud
569 398 744 481 morpiuem
765 397 969 476 illustratum,
992 395 1122 475 denique
1146 399 1174 458 et
1201 415 1328 478 eoaupe-

89 483 240 548 listarum
261 487 352 563 atque
375 482 581 565 amatorum
602 485 677 549 vitre
698 489 727 548 ct
742 483 938 566 cinpuloram
956 483 1094 564 capitum
1111 479 1276 545 ὑποθέσεσι
1298 486 1327 545 ct

87 569 182 634 totius
203 568 366 652 relipioais
387 568 576 634 christianae
591 615 598 630 .
612 615 620 634 .
634 617 640 631 .
654 571 800 651 ,ἐπιτομῇ
821 573 848 633 et
869 567 1085 633 uocabolorum
1111 567 1326 648 difficiliorem

86 655 223 738 cauleyo
251 654 420 721 suendum
446 654 587 719 udinem
619 655 845 735 alphabeticum
872 658 1008 737 conpecto
1032 657 1184 719 auctum.“
1238 654 1324 717 'lum

86 740 210 824 pergit:
236 739 310 818 „Tu
331 740 422 806 lector
444 738 495 804 bis
510 788 517 802 .
532 791 538 805 .
553 745 676 805 ..utere
704 745 731 804 et
755 739 911 820 Sclfisclrio
939 745 1041 804 nostro
1063 739 1128 804 iam
1158 736 1227 804 seui
1253 738 1325 802 bene

80 829 249 907 preoare“

174 929 280 994 Nemo
313 934 363 994 est
396 929 477 1011 quin
517 925 628 993 videat
659 927 757 992 huius
790 928 998 1009 praefationis
1031 929 1222 1011 scriptorem
1256 950 1323 994 non

85 1014 195 1080 solum
228 1013 269 1080 de
302 1013 444 1079 editione
476 1013 647 1096 loquutum
677 1034 747 1078 esse
780 1014 899 1077 mirum
928 1015 963 1078 in
991 1013 1126 1078 modum
1158 1035 1233 1080 cum
1265 1015 1323 1080 illa

87 1098 387 1166 Amstelodamensi
407 1099 631 1176 conveniente,
661 1098 718 1164 sed
740 1098 885 1164 ciusdem
915 1099 1149 1182 praefationem
1178 1100 1219 1165 ad
1246 1121 1321 1165 vor·

83 1185 166 1251 bum
193 1186 411 1269 descripsisse.
462 1184 559 1266 Quod
587 1184 731 1249 maxime
759 1207 800 1249 ex
834 1206 872 1249 eo
901 1194 1037 1268 apparet
1062 1187 1147 1269 quod
1177 1187 1216 1250 de
1244 1188 1321 1253 vitis

84 1272 308 1355 apostolorum
337 1269 456 1337 additis
475 1271 642 1337 fabulatur
663 1271 825 1353 professor
846 1285 966 1351 noster,
988 1272 1095 1355 ignari
1123 1273 1322 1357 typographi

83 1378 193 1442 nugas
221 1366 346 1423 temere
372 1378 447 1423 suas
476 1357 607 1422 faciens.
653 1354 742 1421 Sunt
769 1358 855 1422 enim
885 1379 951 1421 non
979 1358 1067 1424 vitae
1100 1360 1321 1441 apostolorum

84 1442 144 1509 sed
175 1444 308 1509 Erasmi
338 1451 534 1527 argumenta
566 1442 724 1524 Epistolis
749 1444 903 1526 praefixa.
952 1442 1113 1525 Denique,
1145 1454 1184 1508 ut
1211 1446 1320 1510 omnia

83 1528 193 1595 dicam
214 1551 297 1612 qnae
320 1532 435 1607 sentio,
464 1529 554 1593 inter
574 1529 716 1610 primam
743 1536 775 1592 et
804 1529 981 1594 secundam
1010 1527 1177 1595 Selfisohii
1204 1530 1320 1596 editio-

82 1637 162 1680 nem
183 1615 288 1680 multo
311 1614 456 1699 plurium
477 1636 638 1679 annorum
661 1615 804 1697 spatium
826 1614 1050 1680 intercessisse
1072 1625 1200 1699 oportet
1221 1638 1321 1700 quam

82 1700 172 1785 quod
192 1701 364 1768 Masohius
386 1700 491 1766 voluit
513 1722 556 1766 ex
576 1701 709 1784 ingenio
738 1721 796 1766 suo
819 1722 905 1765 anno
933 1705 1012 1763 1604
1041 1703 1183 1785 priorem
1212 1703 1319 1769 vindi-

81 1808 171 1853 cans.
222 1787 309 1852 Nam
337 1784 527 1852 Schmidius
555 1787 670 1851 iubens
695 1786 852 1852 lectorem
878 1787 961 1852 bone
989 1789 1115 1868 precari
1146 1787 1319 1854 Selfisohio

80 1874 150 1938 iam
181 1874 263 1953 seni,
297 1873 433 1937 minime
465 1872 599 1937 videtur
629 1873 740 1937 rirum
773 1873 911 1937 innuere
944 1875 1000 1955 qui
1034 1895 1118 1937 anno
1152 1875 1320 1958 superiore

80 1959 312 2042 semetipsum
333 1958 511 2024 lectoribus
529 1958 805 2024 commendaverit
826 1961 914 2040 operi
937 1979 996 2023 suo
1014 1960 1188 2042 praefatus,
1208 1968 1241 2025 et
1253 1961 1319 2024 iam

80 2044 183 2110 alieni
203 2043 351 2129 indigeat
371 2044 439 2110 stili
460 2045 554 2129 qnasi
580 2044 712 2128 propria
740 2045 774 2111 ri
796 2043 982 2124 destitutus,
1011 2046 1130 2111 iterum
1152 2046 1235 2110 illud
1262 2047 1319 2112 iis·

80 2128 157 2195 dem
180 2130 357 2197 oblaturus.

166 2233 283 2317 Itaque
305 2231 384 2299 dum
406 2233 478 2316 quis
500 2233 636 2297 meliora
658 2232 814 2298 adtulerit
831 2242 867 2298 tu
890 2234 941 2299 hie
964 2240 1055 2300 utere
1075 2254 1218 2301 mecum:
1244 2234 1316 2302 Sel·

79 2319 217 2385 fisohius
243 2318 491 2402 Vitebergensis
521 2340 548 2383 a.
581 2323 672 2389 1583.
700 2320 755 2384 vel
784 2320 883 2384 etiam
910 2328 1017 2401 antea,
1051 2323 1190 2404 primam
1213 2322 1254 2387 N.
1283 2323 1319 2387 Τ.

73 2405 132 2472 sni
152 2405 379 2490 graeco-latini
401 2405 578 2470 editionem
599 2405 634 2469 in
655 2405 761 2470 lucem
785 2407 902 2485 emisit,
927 2408 1019 2473 ouius
1042 2407 1244 2490 exemplaria
1265 2408 1320 2473 vel

78 2497 243 2558 annuente
264 2492 320 2558 rel
342 2493 517 2576 ignorante
539 2490 672 2570 editore,
700 2492 937 2557 Amstolodami
967 2513 1052 2559 novo
1084 2495 1180 2558 titulo
1202 2501 1319 2559 ornata

79 2583 219 2643 suntet
245 2578 355 2644 eisin
381 2578 499 2661 Belgio
526 2576 654 2642 facilins
683 2575 860 2642 divendita.
906 2578 1087 2662 Exemplar
1116 2601 1190 2645 oum
1219 2580 1316 2644 titulo

78 2663 310 2747 Vitebergensi
333 2685 429 2729 nemo
450 2663 606 2728 habuisse
635 2662 766 2730 ridetur
793 2663 880 2728 inter
908 2685 962 2729 eos
990 2667 1045 2747 qui
1068 2666 1109 2730 de
1136 2666 1189 2730 his
1218 2667 1317 2731 rebus

77 2750 291 2833 scripserunt,
320 2770 426 2832 neque
447 2749 517 2832 ipse
539 2746 678 2833 usquam
704 2750 741 2815 in
767 2750 872 2814 ullum
899 2751 1009 2815 incidi.
1063 2750 1130 2817 Sed
1159 2759 1193 2817 et
1221 2752 1316 2836 Iege·

77 2836 213 2901 rianum
238 2857 365 2914 meum,
391 2842 553 2919 quantum
578 2835 659 2914 seio,
686 2835 785 2901 hodie
812 2838 846 2901 in
874 2835 1078 2904 bibliothecis
1105 2839 1157 2903 sui
1185 2839 1315 2922 generis

77 2923 216 2989 unicum
238 2929 296 2988 eet.

166 3026 222 3090 Ex
247 3022 345 3090 modo
374 3025 469 3091 dictis
502 3025 601 3090 simul
628 3026 790 3091 constabit
815 3026 897 3091 falso
927 3025 1013 3092 hano
1046 3026 1223 3092 editionem
1252 3026 1315 3093 dici

77 3112 138 3179 Er.
162 3109 325 3178 Schmidii
351 3111 460 3177 fuisse.
505 3111 592 3176 Nam
622 3110 677 3194 qui
706 3111 838 3176 editioni
862 3112 1023 3177 secundae
1050 3113 1218 3195 praefatur
1244 3112 1315 3177 lau-

77 3199 156 3352 ίιῗιειιιι
183 3197 292 3283 operis
321 3218 452 3263 omnem
478 3197 515 3261 in
542 3198 789 3282 typographum
816 3198 958 3277 confert,
993 3199 1054 3264 sibi
1087 3198 1214 3264 nullam
1242 3200 1314 3265 rin-

104 3286 177 3352 ‘ort

167 3388 293 3453 'Pextus
314 3385 458 3452 familiae
481 3384 714 3452 Selfisohianao
733 3385 953 3470 Stephanicus
972 3394 1022 3453 est
1043 3409 1085 3453 ex
1108 3388 1157 3453 ed.
1181 3408 1209 3454 a.
1233 3391 1311 3452 1551

76 3473 273 3557 desumptus
305 3473 397 3540 cuins
431 3472 585 3539 lectiones
617 3474 796 3556 peculiares
827 3474 959 3558 (Wmm)
988 3496 1100 3541 omnes
1132 3475 1253 3541 adsunt
1279 3475 1314 3538 in

76 3560 232 3645 plurimis
265 3558 460 3625 editionibus
494 3558 548 3623 hic
576 3557 792 3625 recensendis.
844 3560 978 3626 Habent
1009 3562 1142 3626 eaedem
1175 3568 1314 3644 quatuor

76 3646 238 3712 lectiones
259 3644 358 3712 hasce
379 3643 591 3727 probabiliter
613 3665 655 3710 ex
675 3645 939 3729 Brylingorianis
960 3648 1129 3730 repetitas:

321 3779 349 3823 σ.
377 3763 402 3822 1.
425 3756 544 3822 Matth.
571 3760 599 3836 6,
620 3760 647 3820 6.
672 3758 725 3841 (Ρ.
751 3761 826 3837 277)
849 3766 968 3839 ταμεῖον

373 3845 401 3908 2.
424 3843 526 3908 Maro.
552 3847 579 3922 4,
605 3845 653 3908 21.
677 3844 732 3927 (Π.
758 3846 790 3925 6)
814 3853 928 3908 καίεται

375 3935 402 3996 3.
425 3930 498 3994 Aet
522 3932 570 4007 12,
594 3933 643 3993 25.
667 3927 722 4012 (Ο.
748 3930 825 4015 262)
847 3934 959 4005 παόλος

373 4020 401 4080 4.
425 4016 497 4081 Aet.
524 4021 573 4094 21,
597 4019 625 4081 3.
650 4015 707 4100 (G.
731 4017 787 4100 59)
808 4016 1010 4100 drepanium.

168 4127 262 4211 Quae
283 4128 345 4194 etsi
368 4127 515 4193 diversae
537 4128 674 4212 originis
696 4130 732 4192 iu
754 4129 825 4194 edd.
855 4128 1120 4215 Brylingerianis
1143 4131 1312 4216 utriusque

75 4216 177 4281 semei
200 4215 294 4301 (Oap.
318 4214 364 4279 Π.
387 4215 402 4297 ξ
426 4220 454 4280 5.
478 4215 514 4280 0.
538 4213 598 4279 VI.
622 4215 637 4296 b
665 4220 694 4293 l)
716 4235 817 4299 aeque
838 4215 1011 4282 habentur.
