3000 5024
618 1029 735 1084 CAPUT
752 1029 799 1082 111.

207 1187 440 1285 111111
470 1139 1209 1293 eoumque-nummos

269 1497 313 1558 1*
342 1496 546 1556 TUBINGAE
564 1498 697 1555 1111111111
715 1499 789 1554 Iud.
807 1497 888 1556 ffld.
907 1498 988 1554 111111.
1010 1496 1099 1556 1827.
1120 1496 1147 1555 8.

174 1648 304 1713 Editori
327 1648 536 1716 oeleberrimo
554 1649 709 1714 Leandro
731 1669 797 1714 ven
814 1648 878 1715 Ess
897 1649 976 1714 Ord.
997 1647 1032 1716 S.
1052 1648 1233 1729 Benedicti,
1251 1649 1322 1716 viro

86 1736 219 1818 utrique
239 1735 394 1801 eeclesiae
417 1734 457 1800 de
479 1755 515 1799 re
537 1733 655 1800 biblion
681 1735 718 1798 in
739 1734 945 1801 eommodum
968 1736 1072 1818 plebis
1101 1735 1323 1817 promovende

86 1829 123 1887 et
143 1821 306 1906 frequenti
325 1819 423 1887 leude
444 1827 478 1886 et
499 1821 566 1887 eori
587 1820 713 1888 invidia
740 1821 880 1906 cognito,
905 1821 966 1888 hoo
993 1822 1030 1886 in
1059 1821 1168 1886 enimo
1195 1822 1260 1887 fuit
1286 1821 1323 1887 in

85 1907 173 1974 libro
193 1906 256 1975 hoo
273 1905 429 1986 ourendo,
454 1914 494 1972 ut
514 1906 676 1992 theologis
698 1906 867 1973 catholicis
889 1915 1019 1973 textum
1042 1927 1196 1993 graeeum
1219 1906 1259 1972 N.
1284 1909 1320 1974 Ψ.

86 2014 187 2078 qnam
209 1993 472 2060 emendatissime
494 2000 605 2076 posset
626 2015 668 2059 ex
691 1993 816 2059 duabus
838 1995 989 2059 aLeone
1005 1992 1050 2059 X.
1073 1994 1112 2058 P.
1135 1993 1181 2059 Μ.
1204 2013 1321 2078 appro-

86 2081 174 2146 betis
190 2080 389 2147 editionibus
407 2079 593 2146 derivatum
615 2081 756 2145 offerret.
791 2079 885 2161 Quae
903 2101 1006 2163 quum
1022 2080 1110 2145 inter
1126 2101 1162 2146 se
1179 2080 1322 2145 multum

88 2167 315 2250 diserepurent
347 2174 382 2232 et
413 2167 535 2232 nostris
564 2166 764 2250 temporibus
792 2167 904 2232 minus
930 2165 1191 2232 soeommodetee
1217 2164 1322 2232 videri

86 2260 223 2338 possent
240 2255 361 2338 quippe
379 2275 421 2318 ex
437 2253 517 2337 ipsis
541 2253 622 2319 ortis
644 2253 776 2319 oritioee
798 2254 891 2318 onnis
909 2250 1080 2333 oriundae,
1103 2252 1191 2318 solae
1212 2260 1323 2319 eutem

86 2347 198 2406 essent
218 2340 336 2423 quibus
358 2361 402 2404 ex
423 2338 510 2406 sedis
531 2359 686 2405 romense
709 2337 837 2405 decreto
865 2340 976 2422 alique
1003 2340 1162 2405 autoritas
1190 2359 1321 2422 compe·

86 2435 158 2492 tere
183 2426 364 2505 videretur,
395 2425 431 2490 id
458 2425 526 2510 egit
553 2426 606 2493 vir
637 2425 843 2491 doetissimus
876 2432 915 2490 ut
941 2446 1057 2491 earum
1086 2425 1242 2491 leotiones
1274 2425 1321 2490 ite

85 2513 241 2579 miseeret
268 2518 306 2578 ut
330 2519 450 2591 textus,
483 2518 643 2596 quantum
677 2513 767 2577 omni
794 2512 856 2577 11111
890 2511 1034 2578 subsidio
1067 2512 1215 2595 negleoto
1248 2513 1321 2577 fieri

84 2604 212 2682 posset,
241 2598 283 2664 ed
304 2605 450 2664 mentem
470 2599 690 2664 resentiorum
713 2598 901 2664 oritioorum
923 2600 1185 2664 constitueretur.
1231 2596 1320 2664 Sene

85 2684 148 2751 hoe
170 2692 265 2770 poeto
286 2685 324 2750 in
344 2685 387 2750 iis
408 2684 489 2750 loeis
510 2684 546 2749 in
568 2685 687 2768 quibus
708 2685 813 2751 nostri
835 2685 875 2751 ab
893 2692 1031 2768 utreque
1047 2687 1196 2784 prineipe
1217 2683 1320 2750 disoe-
1441 2714 1445 2721 -

85 2771 172 2836 dunt
193 2772 289 2838 leotio
310 2778 407 2840 vetus
435 2776 469 2836 et
489 2771 662 2855 utrobique
683 2771 843 2837 fuissent
869 2778 1021 2855 suspecte
1041 2793 1152 2838 senen
1173 2792 1241 2837 non
1262 2793 1320 2857 po·

86 2863 181 2938 teret,
205 2879 311 2942 neque
338 2858 445 2942 magis
474 2857 510 2922 in
537 2857 579 2922 iis
605 2858 641 2922 in
669 2857 786 2940 quibus
813 2864 952 2942 utroque
982 2857 1119 2924 eandem
1146 2858 1320 2925 leetionem

85 2943 223 3010 exhibet
243 2945 477 3029 quolisounque
500 2964 539 3010 ee
560 2944 666 3008 fuerit
712 2943 753 3007 In
776 2945 912 3010 coeteris
935 2965 1021 3024 vero,
1045 2945 1074 3010 11
1094 2965 1166 3010 rem
1187 2944 1222 3011 in
1244 2944 1319 3009 uni·

84 3051 222 3101 versum
243 3033 452 3115 spectaveris,
474 3051 540 3096 non
561 3032 609 3095 ite
630 3051 737 3114 saepe,
759 3031 825 3095 imo
847 3031 1014 3097 rarissime
1031 3030 1190 3096 editorem
1210 3032 1247 3095 in
1268 3029 1320 3096 se·

82 3117 218 3203 figenda
238 3118 374 3184 meliore
395 3117 534 3184 leetione
556 3137 683 3183 errasse
704 3136 802 3182 nemo
823 3117 886 3182 erit
907 3118 987 3200 quin
1009 3125 1171 3200 ugnoseot.

172 3203 263 3270 Sunt
293 3204 356 3270 looi
386 3208 447 3268 337
471 3225 514 3268 ex
534 3205 655 3269 nostris
678 3206 712 3269 in
738 3203 857 3287 quibus
879 3202 1124 3286 Oomplutensis
1157 3203 1258 3269 editio
1286 3211 1320 3269 et

85 3290 221 3357 Erouni
242 3291 360 3374 quinte
380 3291 416 3355 in
438 3288 569 3357 diversa
589 3288 720 3355 abeunt.
753 3288 911 3373 Sequitur
931 3290 1048 3354 Essius
1069 3289 1162 3355 iilam
1183 3291 1219 3355 in
1239 3290 1320 3357 loeis

89 3380 161 3456 149,
191 3376 278 3443 hune
298 3377 333 3442 in
351 3376 489 3443 oesteris
514 3380 583 3442 188.
633 3377 686 3441 Ex
718 3376 783 3442 illis
813 3384 892 3442 111111
923 3380 981 3440 142
1010 3376 1047 3439 in
1073 3375 1191 3460 quibus
1219 3377 1318 3441 etiam

84 3464 285 3530 reoentiores
302 3463 409 3529 oritioi
425 3463 494 3528 fere
510 3483 624 3528 omnes
642 3484 717 3528 oum
736 3461 1023 3546 Oomplutensibus
1040 3463 1174 3543 faoiunt,
1193 3471 1319 3546 septem

84 3549 122 3614 in
144 3549 264 3634 quibus
290 3551 356 3634 ipsi
376 3550 464 3614 inter
492 3570 528 3615 se
549 3546 756 3628 dissentiunt,
784 3549 897 3614 nullus
924 3550 959 3613 in
981 3569 1045 3631 quo
1073 3549 1168 3616 leotio
1195 3550 1319 3633 Hispo·

84 3656 205 3702 norum
231 3636 273 3703 ab
295 3635 446 3702 omnibus
474 3637 649 3719 respuitur.
694 3636 789 3700 Inter
810 3636 997 3702 Ernsmioas
1025 3642 1135 3702 eutem
1162 3636 1319 3703 lectiones

83 3722 283 3789 reoentiores
308 3744 376 3804 non
402 3722 467 3787 nisi
492 3726 550 3786 137
572 3742 637 3788 uno
658 3742 713 3788 ore
732 3720 1021 3805 Oomplutensibus
1049 3730 1261 3805 anteponunt,
1283 3722 1318 3790 in

84 3807 295 3894 undeviginti
317 3809 389 3875 aliis
410 3809 473 3892 ipsi
496 3810 584 3873 inter
606 3830 640 3874 se
662 3808 856 3892 disorepant‚
878 3807 1064 3891 quindeeim
1086 3807 1126 3873 ab
1147 3810 1244 3876 Essio
1265 3831 1318 3876 re·

84 3903 197 3978 oeptus
216 3897 354 3961 omnino
377 3894 544 3975 damnent,
568 3894 707 3978 denique
729 3893 836 3961 deoies
865 3902 899 3960 et
921 3896 1040 3978 septies
1066 3901 1221 3962 neutrum
1247 3917 1317 3962 em·

82 3979 282 4064 pleotnntnr.
328 3981 469 4066 Singula
490 3981 641 4066 persequi
659 4003 726 4047 non
747 3981 873 4046 attinet
1059 3990 1062 3994 ⁴
1312 4040 1317 4053 ,

171 4066 316 4134 Additur
342 4069 378 4133 in
401 4068 503 4134 alters
533 4068 686 4135 oolumno
706 4067 813 4134 versio
840 4066 977 4151 vulgate
1003 4068 1107 4134 letina
1134 4090 1209 4136 eum
1237 4068 1318 4137 loeis

82 4153 261 4239 parallelis,
287 4156 324 4220 in
351 4155 501 4239 margine
528 4156 670 4221 varietas
700 4153 870 4238 Stephani,
901 4153 1119 4235 (111111111ὴὶ1,
1146 4155 1316 4237 Methaeii,

82 4245 119 4309 et
146 4240 234 4325 quod
252 4242 398 4308 maxime
419 4242 540 4308 nostris
561 4241 679 4308 studiis
699 4241 837 4325 profuit,
864 4241 995 4326 integra
1017 4242 1222 4341 singulorum
1248 4241 1317 4307 edi·

81 4327 215 4393 tionum
238 4328 490 4396 Erosmioarum
514 4329 602 4393 inter
631 4349 666 4394 se
693 4334 726 4393 et
753 4349 829 4394 eum
858 4327 1085 4412 Oomplutensi
1115 4328 1315 4395 oolleterum.

80 4413 251 4481 Praefatio
277 4413 372 4482 adest
399 4414 499 4482 nulle.
554 4416 608 4481 De
634 4415 698 4481 heo
728 4413 869 4480 editione
897 4423 1038 4498 egerunt
1064 4414 1138 4481 VV.
1168 4413 1245 4483 DD.
1279 4416 1317 4482 in

81 4499 423 4587 1111111111.
452 4506 540 4567 1111.
565 4523 593 4585 p.
620 4506 690 4567 714.
736 4501 835 4566 Anu.
862 4501 1036 4568 1831111.
1061 4506 1132 4570 151.
1165 4500 1316 4576 Gieselsr

79 4587 119 4656 in
139 4587 270 4659 Studiis
290 4589 389 4678 theob
412 4589 562 4658 Heidelb.
589 4592 679 4656 1828.
702 4589 744 4656 11.
768 4593 841 4660 405.

594 4719 804 4730 Μ
