3000 5024
601 1415 719 1472 oAPUT
736 1416 770 1470 11.

292 1571 652 1671 EDITIONES
681 1571 1074 1672 ERASMIOAE.

153 1811 336 1878 Historiam
359 1810 541 1876 literariam
565 1810 745 1877 editionum
768 1812 808 1878 ab
825 1812 966 1876 Erasmo
985 1811 1206 1877 Roterodamo
1227 1835 1304 1898 pro-

65 1905 258 1967 ouratarum
280 1896 491 1982 suppeditant
512 1897 601 1962 inter
621 1898 702 1962 alios
724 1899 819 1965 Rieh.
844 1895 960 1963 Simon
982 1897 1018 1960 in
1038 1897 1114 1964 hist.
1142 1919 1244 1965 verse.
1275 1921 1301 1966 o.

66 1990 106 2050 21
132 2005 218 2068 seqq.
243 1990 276 2050 et
297 1985 334 2049 in
355 1983 437 2049 hist.
453 1990 625 2049 comment.
656 2004 681 2049 o.
714 1988 753 2049 35
760 2009 768 2065 ;
791 1983 999 2050 Wetstenius
1027 1983 1063 2047 in
1090 1983 1241 2070 Prolegg.
1271 2009 1302 2070 p.

66 2077 140 2136 241.
168 2091 256 2153 seqq.
264 2094 271 2149 ;
301 2070 454 2155 Burigny
483 2070 519 2133 in
549 2071 619 2135 vita
646 2071 704 2135 Er.
738 2072 764 2135 I.
800 2074 861 2134 235
889 2092 930 2136 ss.
961 2069 1240 2154 Baumgartenius
1267 2074 1303 2137 in

65 2157 189 2226 Naehr.
212 2157 273 2222 IV.
297 2160 347 2221 95.
371 2155 431 2221 VI.
458 2160 517 2220 189
541 2160 574 2220 et
595 2157 630 2220 in
654 2155 742 2225 Hall.
760 2156 845 2222 Bibl.
868 2157 895 2222 I.
921 2160 997 2236 3793
1020 2155 1189 2222 Masohius
1211 2159 1304 2225 Tem.

64 2245 93 2310 I.
118 2246 179 2308 281
205 2265 258 2322 ss,
293 2241 435 2308 Goezius
462 2242 498 2306 in
519 2242 616 2307 Vera.
671 2294 677 2307 .
709 2247 751 2307 20
778 2263 836 2324 ss.;
864 2241 1136 2308 Roseumiillerus
1163 2243 1200 2308 in
1228 2244 1304 2311 bibl.

65 2331 133 2395 Lit.
157 2329 184 2395 I.
215 2331 276 2394 375
304 2351 346 2395 ss.
369 2325 542 2393 Knoohius
564 2329 600 2392 in
620 2265 696 2395 bill
720 2328 864 2396 Brunsv.
893 2350 923 2412 p.
951 2332 1132 2393 243-362.
1166 2331 1303 2396 Lorokii

65 2415 143 2483 BG.
166 2414 211 2479 H.
235 2418 275 2479 25
299 2435 340 2481 ss.
364 2414 527 2479 Matthaei
549 2415 590 2480 N.
612 2415 648 2480 Τ.
671 2415 753 2481 XII.
777 2419 840 2481 220
862 2422 921 2480 eto.

152 2500 325 2567 Editiones
342 2502 474 2566 Erasmi
497 2499 539 2565 ad
559 2501 648 2567 huno
670 2523 771 2585 usque
800 2502 885 2567 diem
908 2501 1090 2586 prinoipem
1116 2500 1225 2566 looum
1246 2502 1303 2567 ob·

68 2589 189 2668 tinent,
210 2609 277 2653 non
290 2595 359 2653 tam
372 2593 507 2670 propter
524 2593 661 2666 textum,
683 2610 780 2671 quem
799 2589 956 2671 praebent
973 2588 1084 2652 minue
1096 2588 1301 2671 castigatum,

66 2695 168 2759 quam
205 2680 340 2758 propter
372 2673 517 2738 additam
554 2674 741 2740 versionem
781 2675 1035 2756 subiunotasque
1075 2671 1302 2741 adnotationes

66 2759 188 2845 quibus
217 2759 409 2843 oonsoriptis
438 2761 490 2827 vir
517 2782 665 2825 summus
688 2759 809 2826 saeouli
838 2761 888 2827 sui
911 2761 1131 2842 interpretum
1158 2761 1302 2845 antesig-

66 2867 176 2913 nanus
194 2852 245 2912 est
265 2848 379 2924 faetus,
403 2867 565 2912 consensu
590 2847 735 2911 omnium
758 2868 857 2930 penes
880 2868 961 2929 quos
984 2847 1020 2910 in
1041 2845 1160 2912 talibus
1183 2844 1302 2929 diiudi-

66 2933 180 3000 oandis
203 2933 380 3000 auotoritas
402 2939 462 2998 est.
507 2931 601 3012 Quae
623 2934 658 2997 in
681 2933 802 2999 oritiois
824 2934 893 2999 suis
915 2939 949 2998 et
971 2931 1180 3015 apologetiois
1205 2953 1301 3015 prae·

65 3019 245 3086 sationibus
267 3025 382 3086 eontra
403 3039 548 3084 morosos
570 3025 603 3084 et
624 3018 773 3085 indoctos
796 3018 960 3084 obsoletae
982 3017 1138 3083 scientiae
1158 3020 1301 3086 fautores

66 3105 235 3189 eleganter
265 3113 298 3170 et
324 3103 427 3171 faoete
456 3104 611 3188 disputat,
645 3106 686 3169 iis
714 3104 879 3188 aequales,
913 3110 951 3169 ut
978 3105 1113 3187 quisque
1143 3105 1302 3170 bonarum

66 3192 191 3257 artium
218 3191 396 3258 studiosior
422 3198 502 3269 erat,
532 3191 649 3255 maiori
679 3213 753 3257 oum
782 3191 898 3273 plausu
928 3190 1154 3271 adsenserunt,
1183 3195 1216 3254 et
1243 3213 1302 3257 nos

65 3297 196 3361 quoque
227 3276 318 3342 haud
346 3277 489 3343 absimili
515 3298 626 3342 rerum
651 3276 837 3343 disorimine
865 3277 1022 3360 implioati
1048 3297 1113 3341 non
1148 3278 1302 3361 exiguam

65 3384 109 3428 ex
130 3364 270 3448 legendo
292 3362 492 3445 voluptatem
514 3362 724 3447 percipimus.
769 3363 896 3428 Verum
918 3364 1005 3430 inter
1031 3383 1145 3428 omnes
1174 3370 1303 3430 constat

64 3451 177 3518 virum
199 3449 367 3534 egregium
388 3450 425 3513 in
451 3448 662 3516 deseribendo
684 3456 778 3516 textu
806 3471 922 3534 graeoo
944 3472 1010 3516 nou
1032 3450 1123 3514 omni
1151 3471 1215 3533 qua
1233 3459 1302 3533 'par

64 3541 138 3601 erat
156 3556 235 3602 eura
252 3556 349 3601 usum
367 3556 438 3601 esee
460 3542 494 3601 et
516 3535 648 3601 editoris
663 3557 801 3602 munere
821 3537 930 3602 minus
949 3536 1124 3621 diligenter
1141 3539 1300 3618 functum,

63 3643 252 3709 quanquam
274 3623 517 3687 exeusationem
540 3622 603 3687 sibi
624 3645 642 3689 e
663 3623 885 3688 subsidiorum
907 3624 1043 3706 penuria
1073 3630 1106 3688 et
1126 3625 1175 3689 rei
1196 3623 1300 3707 ipsius

64 3709 216 3780 novitate
237 3707 405 3796 ¹vindioare
426 3709 554 3792 poterit.

154 3793 309 3878 Quinque
331 3802 408 3860 sunt
430 3794 587 3860 editiones
608 3795 712 3879 ipsius
729 3795 872 3875 Erasmi,
895 3816 1007 3861 omnes
1035 3795 1300 3881 graeco-latinae,

64 3879 155 3945 inter
176 3902 212 3946 se
232 3880 338 3946 multo
360 3880 471 3945 minus
490 3880 639 3947 diversae
657 3903 755 3965 quam
773 3881 874 3966 vulgo
892 3902 962 3947 esse
982 3881 1143 3949 diduntur.
1172 3882 1300 3967 Nempe

63 3964 156 4030 inter
176 3966 268 4031 mille
289 3966 362 4032 looa
384 3988 403 4033 a
425 3967 519 4032 nobis
542 3967 658 4033 collata
686 3989 753 4032 non
776 3967 841 4032 nisi
869 3968 1040 4053 sexaginta
1066 3968 1130 4034 duo
1157 3975 1237 4033 sunt
1263 3970 1300 4034 in

64 4052 186 4136 quibus
208 4052 275 4118 alia
296 4053 337 4119 ab
359 4052 423 4117 alia
445 4052 616 4119 discedunt
638 4055 719 4136 (Lit.
743 4054 874 4130 R-U).

151 4139 327 4205 Leotiones
348 4139 489 4204 familiae
512 4140 702 4206 Erasmioae
719 4141 871 4223 propriae
899 4145 932 4204 et
961 4140 1091 4206 anullo
1118 4139 1181 4205 alio
1210 4144 1299 4207 vete-

65 4245 146 4290 rum
174 4230 325 4308 reoeptae
349 4226 408 4291 sub
430 4225 536 4290 literis
560 4225 779 4291 Atlas-(3¹1-
804 4225 1150 4306 reponebantur,
1184 4226 1300 4309 quibus

64 4316 182 4396 postea
203 4311 358 4376 seoedent
377 4311 469 4390 Um,
494 4313 528 4375 in
550 4333 678 4377 summa
700 4313 937 4396 quinquaginta
959 4319 992 4377 et
1011 4333 1137 4377 novem.

153 4396 329 4463 Caeterum
354 4396 595 4463 observandum
623 4399 781 4465 famosam
802 4399 895 4464 illam
923 4404 1032 4464 textus
1060 4397 1095 4462 iu
1122 4398 1300 4465 versiculos

63 4483 329 4563 distinotionem,
360 4484 445 4567 quod
473 4505 552 4550 sane
585 4484 856 4553 absurdissimum
886 4484 1060 4551 inventum
1093 4482 1230 4565 dixeris,
1260 4486 1300 4551 ab

61 4570 247 4639 Erasmiois
268 4568 362 4637 libris
382 4569 517 4636 omnino
540 4570 661 4637 abesse.
