3000 5024
65 224 89 304 e
276 222 470 283 umerus
487 225 655 284 ermom
671 221 1095 282 amaeamsssomsssu.
1238 228 1299 291 rat

63 413 197 479 quoque
217 392 328 463 aditus
347 396 390 465 ab
410 395 458 464 Io.
481 396 560 465 chr.
587 395 918 465 sandasirus.
962 394 1140 465 anterum
1166 395 1208 463 ot
1235 396 1300 465 111·-

63 481 167 547 nestii
187 480 337 548 bibliotln
364 482 465 549 theol.
487 482 548 550 VI.
572 487 643 551 867.
665 490 699 549 st
721 483 862 549 diadum
883 481 968 549 Brit
994 482 1122 569 Mopse
1151 481 1198 550 ΙΙ
1229 489 1299 552 140.

178 690 227 752 17.
272 691 440 753 LONDINI
458 712 529 752 acra
546 696 619 769 typis
635 704 662 752 ct
678 696 830 770 canapttas
850 695 875 750 I.
896 693 1018 750 Niebcls.
1054 693 1143 755 178³.
1167 693 1196 754 4.

153 823 218 889 Est
243 824 398 911 Bowyeri
428 828 526 894 modo
558 827 682 893 laudati
709 825 808 892 editio
839 826 997 905 secunda,
1031 832 1070 891 ut
1097 827 1168 909 ipse
1200 827 1302 892 refert

66 908 192 989 titulus,
215 911 316 994 priori
347 913 453 979 maior
480 920 515 980 et
542 911 750 997 splendidior,
783 914 824 980 ab
857 911 972 978 eadem
1003 920 1114 977 tamen
1142 912 1301 980 hactenus

65 1001 196 1062 mutata
216 1004 256 1062 ut
282 1018 304 1062 a
323 997 510 1066 Wetstenio
542 1000 662 1065 omissa
695 998 803 1064 ubivis
834 998 928 1065 uncis
960 998 1087 1065 inclusa
1113 1005 1300 1083 appareant

66 1081 208 1148 Caetera
228 1083 297 1149 fere
317 1083 450 1165 intacta,
473 1095 512 1151 ut
533 1106 575 1150 ex
601 1086 697 1151 unico
719 1083 805 1167 quod
826 1085 1132 1169 peregrinabundus
1157 1085 1301 1169 reperire

65 1170 160 1252 potui
180 1167 365 1237 Basileensi
386 1171 568 1254 exemplari
587 1170 745 1236 intellexi.

365 1379 414 1444 18.
458 1381 626 1441 LONDINI
647 1420 894 1440 .........
918 1379 1009 1444 1812.

153 1514 298 1581 Textum
314 1512 774 1601 WctstenioBowyerianum
791 1514 854 1579 hoo
871 1535 957 1579 anno
975 1513 1083 1580 denuo
1099 1515 1189 1599 typis
1208 1535 1303 1580 man·

63 1599 183 1667 datum
204 1621 277 1667 esse
298 1620 342 1665 ex
363 1602 503 1668 Dibdini
524 1601 608 1667 libro
629 1602 759 1683 saepius
784 1599 919 1666 laudato
942 1599 1048 1667 didici.
1092 1601 1220 1666 Verum
1249 1619 1303 1665 ac·

63 1686 234 1753 euratiora
250 1685 292 1753 ds
307 1690 374 1753 ista
391 1686 543 1767 editione,
563 1695 694 1754 meante
711 1707 784 1752 meo
803 1694 928 1767 autore,
947 1686 1007 1752 tibi
1024 1685 1155 1753 tradere
1166 1706 1302 1770 nequeo.

388 1946 405 2030 s
428 1948 456 2011 ι.
500 1942 663 2011 surum
683 1943 976 2013 ssswooun.

260 2153 335 2215 ra·
376 2154 927 2231 nouuoupaoasaasam.
958 2154 1049 2217 1776.
1080 2154 1109 2218 a.

154 2285 267 2352 Editio
287 2287 368 2353 satis
388 2287 494 2354 nitida
514 2288 608 2355 euius
630 2295 743 2354 textus
765 2309 901 2374 graecus
927 2288 1014 2355 binis
1043 2289 1203 2355 columnis
1229 2289 1303 2355 abs·

64 2393 135 2457 que
163 2373 352 2440 accentibus
378 2395 553 2459 expressus
582 2381 641 2441 est.
686 2377 794 2441 Autor
815 2374 991 2441 Eduardus
1016 2375 1183 2442 Horwood
1210 2375 1304 2441 theo·

63 2458 166 2544 logms
186 2458 420 2540 Londinensis,
443 2462 536 2528 cuius
558 2461 657 2526 etiam
680 2470 788 2526 exstat
813 2483 896 2546 opus
917 2462 1120 2546 isagogicum
1141 2461 1179 2525 in
1200 2461 1241 2526 N.
1264 2461 1303 2526 Τ.

66 2545 110 2610 ab
137 2544 184 2610 Ic.
214 2543 275 2611 (lb
304 2546 361 2611 Fr.
392 2544 548 2613 Sohulzic
577 2548 764 2631 germanice
792 2569 940 2628 versum,
973 2569 1026 2612 res
1054 2568 1164 2614 sacras
1194 2546 1304 2631 paullo

64 2629 206 2696 liberius
226 2637 369 2699 tractare
389 2633 515 2699 solebat
534 2654 633 2716 quam
653 2634 719 2699 ista
740 2640 831 2700 aetas
852 2642 886 2700 et
906 2635 998 2699 natio
1019 2634 1177 2699 ferebant
1214 2633 1304 2700 Hinc

66 2723 104 2782 et
123 2718 353 2784 annotationes
373 2720 495 2802 passim
517 2720 624 2784 textui
641 2719 677 2783 in
694 2719 777 2785 libro
795 2727 907 2786 nostro
925 2720 1089 2786 subiectae
1106 2740 1174 2785 non
1191 2720 1304 2803 paucis

67 2802 302 2869 socinianismo
333 2805 445 2871 favere
473 2806 563 2872 visae
596 2812 677 2871 sunt
708 2805 846 2888 aliisque
877 2807 1090 2890 neologorum
1119 2805 1302 2871 sententiis.

66 2887 220 2955 Maxime
240 2910 318 2957 vero
340 2898 453 2957 textus
477 2892 581 2974 ipsius
601 2892 701 2970 ratio,
730 2912 795 2976 quc
822 2892 932 2959 minus
960 2892 1094 2974 aequius
1121 2891 1162 2956 de
1189 2891 1304 2956 eodem

67 2975 240 3053 sentirent,
269 2976 426 3043 obstabat
471 2976 631 3043 Omnium
652 2978 740 3042 enim
763 2977 872 3044 adhuc
893 2977 1101 3063 vulgatorum
1123 2976 1304 3042 editionum

68 3060 154 3127 haec
175 3081 196 3125 a
216 3062 384 3128 communi
405 3063 568 3148 scriptura
588 3063 799 3143 alienissima,
822 3065 943 3148 quippe
965 3083 1049 3146 quae
1066 3061 1109 3128 ad
1126 3063 1304 3145 pauciores,

68 3146 139 3212 imo
159 3146 376 3230 paucissimos
398 3149 535 3229 codices,
556 3149 711 3215 Cantabri
737 3150 863 3216 iensem
888 3150 1033 3214 maxime
1061 3149 1096 3213 in
1123 3148 1304 3231 evangeliis

70 3237 106 3298 et
126 3232 218 3313 actis,
240 3232 534 3300 Olaromontanum
556 3236 591 3299 in
612 3171 758 3318 epietobs
779 3236 920 3318 paulinis
942 3236 1145 3300 conformata
1166 3234 1219 3312 sit,
1249 3235 1305 3300 ad-

69 3316 176 3384 hibito
197 3318 232 3384 in
254 3320 437 3386 subsidium
456 3320 684 3388 Alexandrino
706 3321 790 3386 libro
811 3322 995 3405 ubicunque
1023 3320 1072 3385 illi
1100 3318 1303 3388 deficiebant

69 3403 170 3485 Quod
190 3403 296 3471 editor
316 3406 388 3472 sine
410 3406 601 3492 ambagibus
622 3407 660 3471 in
680 3409 882 3491 praefatione
903 3408 974 3491 ipse
995 3407 1148 3472 declarat.
1187 3404 1305 3490 Itaque

68 3489 151 3557 loeis
171 3495 229 3552 711
255 3490 296 3557 ab
316 3492 478 3560 Blaeviris
499 3493 631 3573 recedit,
656 3495 715 3556 789
739 3495 873 3576 reliquis
894 3513 966 3559 cum
990 3493 1107 3558 iisdem
1131 3493 1304 3560 consentit

69 3576 127 3642 Ex
147 3575 215 3642 illis
229 3581 288 3640 197
313 3580 447 3644 suntin
470 3580 589 3664 quibus
612 3579 685 3644 aliis
706 3580 873 3645 veteribus
895 3579 1121 3663 adstipulatur.
1165 3577 1205 3645 si
1227 3601 1304 3647 vero

68 3661 160 3728 hunc
191 3668 321 3729 textum
354 3684 427 3730 cum
461 3665 698 3733 recentioribus
730 3665 879 3732 conferas
911 3688 987 3730 eum
1023 3670 1082 3727 643
1117 3665 1197 3731 locis
1230 3686 1305 3731 cum

67 3746 287 3815 Laohmannc
313 3751 421 3818 facere
442 3752 584 3829 videbis,
618 3754 676 3813 178
699 3751 772 3816 aliis
800 3759 915 3817 contra
943 3751 1083 3816 eundem
1111 3773 1186 3817 cum
1208 3751 1304 3817 Elae-

68 3833 163 3914 viris,
198 3838 236 3898 76
270 3856 345 3904 cum
373 3837 619 3906 Tischendorfio
651 3835 863 3903 dissentiente
896 3838 1130 3917 Lachmanuo,
1161 3838 1304 3922 octogies

67 3940 148 3987 cum
178 3920 281 3988 variis
314 3923 403 3989 inter
429 3944 511 4008 quos
539 3925 663 3989 eminet
692 3923 924 4006 Oomplutense
952 3923 1121 4007 exemplar
1149 3925 1185 3988 in
1214 3925 1303 4006 Apo-

67 4005 197 4091 calypsi
218 4014 253 4073 st
273 4007 512 4075 'fischendorfii
534 4007 632 4075 editio
660 4009 701 4074 ad
723 4010 893 4094 vulgatam
917 4012 1134 4089 conformata,
1163 4009 1305 4092 denique

66 4112 242 4175 superesse
262 4096 471 4180 septuaginta
492 4103 525 4161 et
544 4103 612 4161 tres
630 4096 667 4161 in
685 4096 802 4179 quibus
820 4107 933 4161 noster
950 4096 1039 4162 solus
1057 4097 1157 4161 stetit.
1190 4095 1304 4162 Facile
1414 4155 1417 4160 .

68 4197 113 4242 ex
134 4176 187 4243 his
208 4183 415 4262 perspexeris
435 4181 535 4246 talem
557 4188 686 4247 textum
703 4182 852 4247 virorum
869 4182 1039 4247 doctorum
1057 4182 1214 4266 suffragia
1230 4187 1303 4246 tum

68 4264 227 4346 temporis
248 4265 312 4330 sibi
332 4268 505 4333 conciliare
526 4268 585 4334 vix
607 4267 766 4349 potuisse,
794 4269 990 4351 praesertim
1012 4269 1041 4333 si
1062 4290 1098 4332 re
1120 4268 1304 4334 accuratius

68 4349 259 4415 examinata
286 4352 423 4419 minime
450 4353 517 4419 illis
546 4353 710 4420 codicibus
740 4353 817 4419 solis
846 4353 983 4419 ducibus
1011 4375 1108 4419 usum
1129 4354 1231 4419 fuisse
1252 4353 1303 4419 vi·

68 4433 182 4501 derint
202 4434 261 4501 sed
282 4438 384 4503 variis
403 4437 511 4504 modis
533 4459 593 4505 suc
613 4446 719 4505 marte
739 4438 913 4505 lectionem
935 4439 1151 4506 constituisse.

156 4518 300 4606 Singula
326 4545 496 4591 recensere
522 4546 590 4591 non
620 4524 715 4604 libet,
744 4546 845 4609 quum
872 4533 984 4592 tamen
1015 4525 1112 4591 hodie
1140 4525 1304 4608 plurimae
1366 4592 1372 4600 ,

67 4605 227 4675 lectiones
245 4607 315 4675 iam
330 4609 373 4677 ab
383 4610 583 4681 Harwoodio
598 4616 750 4696 receptae
769 4612 806 4677 in
823 4611 1023 4679 editionibus
1041 4633 1105 4679 usu
1122 4611 1304 4680 tritissimis
